1955 3278
356 137 423 170 176

353 294 445 322 mus
480 280 695 321 committi.
746 279 951 321 Nimirum
984 279 1038 321 od
1071 280 1115 321 id
1160 278 1221 332 (ut
1253 279 1379 320 Plinii
1411 279 1553 321 verbis
1586 278 1694 331 utar)
1741 279 1840 332 quia

352 358 470 392 tanto
493 352 640 393 labore
664 356 832 393 constat
856 351 1056 396 ebrietas,
1082 351 1195 404 quod
1213 357 1398 392 mentem
1417 357 1562 402 mutet,
1586 364 1635 391 ac
1653 349 1837 392 furorem

353 423 503 476 gignat
535 423 577 463 111
610 423 711 462 mali
743 422 947 475 impetum
981 428 1023 463 et
1050 422 1149 463 boni
1183 422 1452 463 oblivionem.
1488 420 1592 462 Cum
1619 427 1690 462 aut
1713 421 1838 462 homo

353 493 561 534 ebrietate
595 493 887 547 corrumpitur,
934 499 1034 535 tunc
1067 493 1179 535 avidi
1220 498 1455 534 matronam
1502 492 1613 533 oculi
1644 493 1839 543 licentur,

351 571 452 606 tunc
484 564 605 618 gravi
625 563 861 618 produntur
888 564 1052 614 marito,
1087 570 1187 604 111110
1211 563 1340 604 animi
1363 569 1532 604 secreta
1552 563 1838 617 proferuntur,

352 636 423 676 alii
455 641 716 676 testamenta
740 648 818 676 sua
838 641 1100 689 nuncupant,
1124 635 1195 675 alii
1218 635 1437 677 mortifera
1460 635 1702 688 loquuntur,
1730 634 1839 676 redi-

350 714 554 760 turasque
587 720 665 761 per
695 707 885 760 iugulum
918 719 1046 748 voces
1079 719 1164 747 non
1198 707 1429 757 continent,
1465 720 1590 759 quam
1615 706 1756 747 multis
1779 706 1839 747 ita

349 778 617 832 interemptis
650 778 865 831 vulgoque
899 777 1056 818 veritas
1089 777 1173 818 iam
1207 777 1412 818 attributa
1436 778 1533 818 vino
1558 785 1635 818 est.
1669 777 1841 819 Interea

350 856 396 890 ut
429 850 586 903 optime
620 848 747 890 cadat
781 849 913 889 solem
948 848 1154 889 orientem
1188 861 1272 888 11011
1305 848 1464 899 ν1(16111,
1512 862 1562 890 30
1594 849 1732 890 minus
1767 848 1839 889 diu

350 921 510 971 vivunt,
546 920 644 962 hinc
677 920 815 974 pallor
849 926 915 960 est
949 925 990 960 et
1023 932 1163 972 genae
1186 919 1402 973 pendulae
1427 920 1642 961 oculorum
1663 920 1840 961 hulcera

352 999 394 1033 et
425 992 636 1046 lippitudo
670 1004 821 1032 manus
854 991 1061 1032 tremulae
1097 990 1369 1031 effundentes
1390 991 1520 1045 plena
1542 1004 1661 1042 vasa,
1692 991 1839 1044 lingua

348 1064 497 1117 ligata,
533 1071 575 1104 et
608 1076 716 1115 quae
752 1063 804 1103 sit
837 1075 1044 1116 praesens
1078 1075 1219 1115 poena
1247 1061 1425 1103 furiales
1447 1062 1584 1103 somni
1607 1068 1648 1103 et
1671 1062 1839 1115 inquies

350 1141 557 1176 nocturna
604 1134 868 1188 primumque
914 1147 1118 1175 summum
1164 1133 1385 1174 ebrietatis
1423 1133 1555 1175 libido
1588 1140 1839 1188 portentosa

350 1219 401 1247 30
433 1205 663 1247 iucundum
696 1205 876 1259 nephas,
911 1209 1086 1259 postera
1106 1204 1176 1245 die
1199 1217 1251 1245 ex
1278 1217 1350 1245 ore
1371 1204 1528 1246 halitus
1550 1204 1700 1246 foetidi
1723 1206 1839 1247 velut

350 1277 403 1319 de
438 1277 665 1331 sepulchro
712 1283 753 1317 et
786 1275 1039 1330 gravissime
1084 1275 1127 1316 in
1161 1275 1303 1330 capite
1348 1276 1617 1330 punctiones,
1663 1289 1714 1317 30
1746 1276 1837 1318 fere

349 1349 536 1391 omnium
579 1361 719 1389 rerum
764 1347 935 1398 oblivio,
982 1360 1179 1400 morsque
1227 1347 1468 1398 memoriae,
1514 1361 1665 1401 rapere
1700 1361 1747 1389 se
1778 1348 1839 1389 ita

349 1421 478 1461 vitam
514 1419 777 1474 praedicant,
822 1432 916 1460 cum
949 1418 1132 1472 priorem
1167 1417 1278 1459 diem
1324 1418 1511 1471 quotidie
1544 1419 1739 1472 perdant,
1778 1419 1839 1460 illi

349 1504 450 1533 vero
485 1498 526 1531 et
559 1490 802 1531 venienten.
837 1489 900 1530 Ex
933 1488 1000 1530 his
1032 1489 1163 1543 plane
1198 1496 1366 1530 constat
1400 1503 1525 1542 quam
1559 1490 1698 1531 minus
1725 1491 1837 1532 iuste

350 1575 462 1615 aqua
495 1568 722 1602 accusetur
755 1561 821 1602 0111
854 1566 916 1601 101
947 1561 1092 1601 insunt
1125 1561 1314 1602 virtutes.
1355 1560 1526 1610 Quanta
1559 1561 1743 1614 denique
1776 1561 1834 1602 illi

346 1635 561 1675 inseratur
592 1632 758 1683 iniuria,
793 1633 912 1673 cuius
943 1631 1152 1673 beneficio
1173 1632 1315 1672 nullus
1337 1645 1482 1673 carere
1505 1638 1658 1686 potest.
1683 1632 1835 1673 Vinum

347 1711 488 1746 autem
534 1710 596 1745 tot
639 1717 778 1744 rerum
822 1703 1028 1744 malarum
1073 1709 1135 1744 tot
1178 1702 1617 1744 inconvenientiarum
1663 1704 1835 1745 occasio

346 1775 559 1826 laudatur,
605 1780 724 1815 tanto
770 1775 963 1828 appetitu
1009 1773 1254 1826 exquiritur,
1301 1780 1346 1815 ut
1379 1774 1636 1827 quandoque
1683 1775 1834 1816 melius

347 1847 415 1898 sit,
450 1846 485 1887 si
518 1846 609 1887 eius
642 1859 764 1887 usum
798 1845 923 1886 homo
956 1858 1171 1897 nunquam
1206 1845 1409 1887 novisset.

464 1917 611 1958 Habes
644 1916 699 1958 mi
744 1916 914 1957 domine
960 1915 1244 1957 LADISLAE
1290 1916 1502 1970 opinionis
1541 1930 1664 1958 meae
1710 1931 1834 1971 argu-

346 1995 668 2041 mentorumque
701 1988 1015 2042 propositorum
1038 1994 1080 2029 et
1103 1988 1444 2028 enucleationem
1472 1994 1514 2029 et
1537 1987 1833 2030 defensionem

347 2060 419 2112 qui
450 2066 571 2100 tanta
614 2059 802 2112 alioquin
834 2060 877 2100 in
911 2072 976 2100 me
1021 2058 1231 2100 ferebaris
1277 2059 1526 2110 acerbitate,
1573 2059 1672 2100 dum
1704 2060 1746 2100 in
1781 2073 1834 2101 ea

346 2137 468 2185 parte
502 2130 577 2171 tibi
610 2131 845 2172 contrarius
879 2143 1033 2181 essem,
1074 2137 1119 2170 111
1151 2130 1279 2184 plane
1313 2143 1378 2171 me
1411 2129 1658 2172 infoelicem
1692 2131 1833 2172 existi-

347 2215 500 2251 mares,
534 2207 577 2242 et
608 2208 729 2242 extra
760 2202 968 2242 rationem
1002 2201 1111 2251 duci,
1147 2201 1217 2253 qui
1248 2201 1309 2241 ita
1331 2202 1557 2242 temerarie
1582 2202 1679 2243 vino
1701 2202 1833 2244 aude-

345 2287 435 2315 rem
462 2272 681 2327 praeferre
705 2287 843 2326 aquae
865 2274 1080 2327 mysteria,
1113 2286 1188 2314 eos
1212 2286 1311 2314 vero
1336 2274 1464 2327 plane
1487 2287 1569 2315 1160
1589 2273 1633 2314 111
1656 2287 1831 2315 numero

346 2344 563 2386 hominum
609 2351 881 2399 conputares,
927 2351 1131 2397 tanquam
1168 2344 1282 2385 omni
1314 2351 1356 2385 et
1389 2344 1577 2385 humana
1623 2345 1830 2386 societate

346 2416 549 2469 privatos,
587 2423 628 2456 et
661 2430 686 2456 a
718 2415 863 2457 mundi
895 2416 1129 2457 foelicitate
1164 2416 1377 2465 exclusos,
1425 2416 1495 2469 qui
1525 2416 1723 2458 fortassis
1757 2417 1831 2457 ab-

346 2487 486 2528 stemii
520 2487 616 2537 sint,
651 2494 693 2528 et
714 2488 812 2528 vino
836 2487 1006 2541 penitus
1034 2493 1223 2538 careant,
1257 2487 1329 2539 qui
1351 2487 1545 2528 nimirum
1576 2487 1610 2527 si
1633 2495 1832 2541 corrupta

346 2558 561 2599 hominum
606 2558 763 2599 iudicia
803 2572 887 2599 non
937 2564 1096 2607 essent,
1143 2557 1223 2598 soli
1268 2557 1495 2599 videantur
1538 2571 1622 2599 non
1666 2564 1830 2599 tantum

346 2629 531 2670 omnium
578 2628 757 2670 foeliees
806 2629 883 2670 sed
932 2629 1058 2670 6113111
1105 2628 1162 2669 (111
1210 2630 1380 2680 terreni,
1426 2629 1657 2670 novissime
1704 2635 1746 2670 et
1786 2629 1829 2669 in

346 2700 477 2742 coelis
511 2713 605 2740 cum
639 2700 720 2741 diis
753 2706 926 2741 nectare
959 2699 1122 2749 victuri,
1157 2699 1269 2740 unde
1304 2700 1525 2741 temulenti
1558 2699 1752 2741 sitientes
1774 2713 1828 2741 ne

346 2777 511 2825 guttam
544 2784 683 2823 aquae
715 2772 945 2824 impetrare
977 2777 1191 2825 poterunt,
1225 2777 1270 2811 ut
1291 2771 1481 2825 linguam
1510 2771 1828 2824 refrigerarent.

346 2855 470 2894 quem
494 2842 611 2895 prius
633 2848 981 2895 contempserunt
1007 2848 1195 2895 gustare.
1232 2841 1336 2891 Quis
1357 2842 1468 2883 enim
1488 2855 1627 2883 rerum
1650 2848 1828 2882 naturae

346 2913 442 2965 plus
461 2912 632 2964 debeat,
652 2926 762 2965 quae
780 2913 840 2954 ita
858 2927 951 2955 cum
971 2913 1033 2954 eis
1050 2913 1238 2966 benigne
1258 2913 1405 2966 egerit,
1423 2920 1469 2954 ut
1487 2926 1561 2954 eos
1581 2927 1606 2954 a
1619 2913 1827 2967 principio
