1955 3278
75 352 142 386 180

77 706 143 739 185

78 1059 145 1094 190

79 1415 146 1449 195

80 1771 148 1806 200

82 2127 149 2162 205

84 2485 152 2519 210

87 2841 155 2875 215

1494 128 1562 162 331

220 271 485 326 Temperies,
521 284 691 326 semper
723 271 909 325 Zephyri
941 271 1032 312 fluit
1065 285 1170 313 aura
1202 271 1400 314 salubris.

223 341 329 384 Ocia
362 342 582 396 deponunt
615 342 794 394 senium,
829 356 1039 395 curasque
1072 342 1303 384 remittunt.

221 413 301 454 Hic
333 412 528 454 habitant
559 412 746 467 nymphe
778 413 949 465 virides,
985 419 1027 454 et
1059 414 1183 455 turba
1216 427 1406 456 sororum

220 483 460 536 Nayadum,
481 496 787 536 nemorumque
809 484 942 525 duces
966 485 1170 537 sylveque
1193 486 1402 526 resultant

222 554 470 605 Arboribus,
505 553 633 595 foetis
666 554 837 608 pariunt
869 554 1062 608 pomaria
1093 555 1267 597 truncis.

222 625 380 666 Hortus
414 631 457 667 et
489 625 673 678 Alcyoni
704 625 964 679 liquidisque
996 626 1160 680 rigatur
1193 626 1246 667 ab
1279 626 1415 667 undis.

225 695 478 748 Quesitique
512 696 634 738 lacus
668 697 967 750 speculantum
1001 697 1155 738 ductus
1189 710 1393 750 aquarum

221 766 340 808 Intus
372 766 487 808 inest
521 766 684 817 similis,
719 767 872 820 glauce
907 781 1032 820 quem
1067 779 1169 822 sepe
1203 769 1346 821 puelle

222 837 489 890 Flumineiqe
513 837 643 889 chori,
677 838 985 891 moderataque
1009 852 1222 880 murmura
1252 839 1446 892 migrant.

223 908 276 949 Et
304 919 407 962 sepe
430 909 473 949 in
496 908 681 950 medium
706 914 897 950 statuunt
921 923 1047 963 quam
1071 910 1196 951 dulce
1220 910 1415 952 choreas.

222 978 411 1020 Vocibus
444 979 544 1021 hinc
576 980 711 1028 fracte
745 980 965 1022 volucrum
998 980 1278 1022 concentibus
1308 994 1407 1029 aure

225 1050 463 1102 Astantum,
498 1051 752 1104 variantque
786 1065 915 1093 sonos
949 1052 1019 1093 hic
1050 1058 1194 1093 mente
1227 1052 1404 1106 profusa

225 1120 406 1162 Garrula
428 1121 554 1163 turba
575 1121 683 1176 pios,
718 1123 920 1177 strepitus
956 1128 1070 1164 stant
1093 1122 1280 1175 undique
1305 1130 1456 1165 cantus

223 1193 363 1243 Aerei,
399 1193 610 1246 docteque
644 1193 778 1234 thoris
812 1193 915 1234 dant
948 1193 1108 1247 gaudia
1139 1206 1295 1248 penne.

223 1263 334 1306 Hinc
368 1264 525 1306 circum
558 1270 728 1307 veteres
762 1271 913 1306 ornant
946 1265 1148 1307 viridaria
1181 1278 1277 1314 cere

224 1335 433 1389 Precipue
467 1341 693 1389 statusque
727 1335 894 1388 ducum,
928 1349 1162 1389 regumque
1195 1342 1415 1390 potentum

226 1406 529 1460 Innumerique
562 1406 641 1448 viri
672 1407 820 1449 vivunt
853 1406 931 1448 sub
964 1407 1151 1461 imagine
1184 1408 1339 1462 prisca.

226 1477 315 1518 Has
348 1478 459 1519 inter
492 1484 658 1519 statuas
691 1478 873 1519 reflabat
906 1478 1005 1520 diva
1037 1492 1114 1533 per
1145 1485 1263 1520 artus

227 1549 363 1590 Huius
395 1549 532 1590 forma
565 1548 699 1600 ducis⁷
734 1549 846 1598 facie
879 1550 1129 1603 generosior
1160 1551 1274 1591 omni

227 1620 382 1671 Aurea,
417 1626 460 1661 et
492 1634 518 1661 a
550 1621 726 1662 multum
760 1619 886 1661 docto
920 1619 1075 1661 sudata
1106 1621 1324 1674 magistro.

227 1690 323 1732 Non
356 1691 486 1732 talem
520 1691 674 1744 exiguo
707 1691 937 1732 formasset
969 1691 1172 1732 Lemnius
1206 1705 1304 1733 aere

227 1762 393 1804 Aetneo
427 1775 627 1817 superum
661 1763 854 1816 quamvis
890 1769 1025 1803 struat
1058 1776 1176 1803 arma
1209 1763 1386 1805 camino.

227 1833 319 1874 Nec
341 1833 658 1875 conformarent
692 1840 889 1888 Steropes
912 1834 1173 1887 brontesque
1196 1847 1433 1887 pyragmon

227 1903 443 1958 Effigiem,
477 1905 685 1959 primique
719 1905 822 1946 artis
855 1905 1094 1946 telechines
1127 1905 1318 1953 honeste.

228 1975 390 2029 Regem
424 1976 496 2029 qui
527 1975 641 2017 falsa
673 1976 819 2030 pelagi
850 1976 996 2018 fovere
1031 1976 1251 2029 caphirna.

231 2047 556 2100 Invinctumque
591 2047 716 2089 domo
751 2048 895 2089 stabat
926 2046 1202 2088 memorabile
1227 2047 1430 2101 templum

232 2118 361 2160 Cuius
394 2132 499 2174 opes
533 2118 659 2161 docto
692 2119 907 2160 lassarent
940 2132 1103 2171 organa
1136 2124 1275 2159 cantu.

230 2190 429 2245 Inprimis
463 2197 610 2233 vastos
643 2190 813 2232 hebeno
848 2190 1049 2231 mareotis
1082 2190 1262 2231 amictos

232 2261 460 2303 Continuet
492 2261 574 2303 hoc
606 2268 769 2316 postes,
804 2261 1109 2313 maculosaque
1129 2260 1298 2314 iaspide
1319 2259 1438 2301 fulva

231 2332 484 2386 Liminaque
519 2333 721 2386 Scythico
746 2333 891 2374 lucent
922 2337 1118 2373 recreata
1151 2331 1394 2384 smaragdo.

230 2403 518 2457 ludorumque
552 2405 719 2459 opibus,
752 2404 1041 2456 laqueataque
1074 2408 1190 2444 tecta
1221 2402 1419 2444 videntur

232 2475 352 2516 Aede
386 2475 470 2529 pia7
505 2481 749 2528 quantoque
782 2474 927 2515 trabes
960 2474 1152 2515 celentur
1182 2473 1225 2514 in
1259 2485 1360 2514 auro

232 2546 482 2597 Marmoree‚
517 2547 747 2588 simulacra
779 2545 906 2587 deum
939 2551 1127 2587 crustata
1159 2544 1353 2585 nitebant

233 2618 392 2660 Abdita
424 2618 596 2670 divitiis,
631 2631 778 2660 crasso
813 2617 991 2658 delubra
1024 2616 1196 2657 metallo

235 2689 410 2730 Summa
441 2690 602 2743 vigent,
639 2696 680 2730 et
714 2689 813 2730 onix
846 2688 980 2729 sacris
1014 2687 1191 2738 effusus,
1225 2685 1415 2728 Achates

236 2759 308 2802 Sic
342 2760 468 2802 aditis
500 2761 682 2814 insignis
716 2766 821 2811 erat,
856 2759 1068 2813 pretiosus
1102 2757 1259 2810 ubique

235 2831 567 2885 Purpureusque
600 2831 712 2886 lapis
744 2836 852 2872 treto
888 2829 1092 2871 suffectus
1126 2828 1300 2869 eburno.

234 2903 315 2943 Vix
336 2903 478 2957 operis
501 2902 701 2944 laudatur
722 2902 873 2952 honos,
898 2913 1024 2953 quem
1046 2899 1207 2953 templa
1228 2898 1440 2940 ferebant.
