1898 3278
637 318 1018 355 Bartholomaeus
1052 318 1385 355 Franosordius
1407 320 1415 339 ¹

600 390 794 437 Georgio
833 390 1030 427 Notario
1072 390 1448 427 Crembnioiensi.

399 500 615 541 Reversus
650 514 702 542 ex
734 500 944 542 Babilone
978 501 1102 542 bonis
1136 500 1286 541 avibus
1320 506 1361 541 te
1396 501 1553 541 salutat
1575 507 1674 541 tuus
1696 501 1771 542 ille

281 572 415 614 frater
448 580 490 615 et
523 574 685 616 amicus
718 573 1077 614 Bartholomaeus
1122 585 1268 614 secum
1301 573 1506 626 pleraque
1551 585 1664 614 nova
1696 572 1769 614 ad-

281 643 440 686 ferens.
491 644 598 686 Sunt
643 644 695 686 de
729 643 853 685 hoste
899 649 1044 685 nostro
1077 656 1281 693 rumores7
1329 643 1399 696 qui
1432 644 1769 698 occupacionem

280 716 404 769 regni
436 717 569 758 nostri
595 715 864 770 promittunt3
899 714 1003 755 facit
1026 715 1107 756 hoc
1130 715 1291 756 eccitas
1314 715 1589 767 nostracium,
1623 715 1767 758 avexit

280 787 470 840 proxime
504 787 704 828 miseram
737 785 909 839 plebem
943 792 985 826 et
1016 786 1245 827 barbaram
1278 784 1467 827 croatiae
1502 786 1766 838 catervatim,

280 858 424 899 avexit
447 871 500 899 ex
530 857 721 898 Carintia
746 857 951 910 plurimos
984 856 1123 910 magis
1149 856 1433 908 miserandos,
1469 864 1649 898 conatus
1671 870 1767 911 pro-

279 930 420 983 posito
452 929 495 970 in
528 929 633 970 mari
677 928 733 969 ad
765 928 975 981 Zegnium
1009 934 1051 968 et
1097 927 1299 969 Sanctum
1333 927 1471 969 Vitum
1504 929 1547 970 in
1580 928 1767 981 flumine,

279 1000 480 1054 repulsus
504 1006 648 1041 tamen
675 999 826 1053 viginti
848 999 985 1052 galeis
1009 999 1176 1041 venetis
1200 999 1584 1042 contranitentibus
1607 1000 1661 1041 de
1685 1013 1772 1052 quo>

283 1077 325 1111 et
348 1076 528 1112 ovarunt
550 1071 748 1124 graviter.
779 1069 929 1112 Gallus
952 1070 1156 1124 proximis
1180 1070 1332 1112 diebus
1358 1071 1646 1112 Mediolanum
1669 1071 1768 1113 civi-

279 1149 412 1183 tatem
436 1155 676 1196 occupasse
694 1142 840 1192 fertur,
860 1143 931 1194 qui
948 1142 1065 1196 prius
1084 1141 1137 1183 de
1164 1149 1304 1184 castro
1328 1142 1621 1196 triumpharat.
1647 1142 1767 1184 Sum-

279 1226 372 1254 mus
393 1213 588 1267 pontifex
606 1213 815 1254 hactenus
833 1213 1009 1254 Romam
1029 1227 1122 1254 cum
1142 1213 1271 1255 Petro
1289 1227 1374 1254 non
1392 1214 1508 1255 vidit.
1532 1214 1769 1268 Imperator

281 1298 374 1325 cum
408 1284 586 1338 imperio
619 1284 971 1338 Neurembergae
1005 1285 1255 1326 concionem
1288 1285 1491 1336 celebrat,
1526 1285 1650 1326 adest
1681 1285 1769 1327 illic

280 1362 459 1396 vocatus
482 1355 683 1396 Lutterus
716 1362 875 1407 noster,
907 1356 975 1396 cui
995 1356 1204 1397 Dominus
1236 1357 1366 1398 Jesus
1387 1357 1498 1398 bene
1531 1357 1646 1408 velit,
1671 1370 1767 1398 cum

280 1427 574 1467 nomenclator
603 1440 705 1467 suus
731 1427 785 1468 sit
808 1427 1192 1469 constantissimus.
1225 1428 1291 1469 De
1314 1441 1417 1482 rege
1441 1435 1583 1469 autem
1606 1434 1766 1480 nostro,

280 1498 392 1550 quod
417 1498 570 1550 scribo,
595 1499 742 1552 accipe
772 1504 814 1540 et
836 1499 918 1540 hoc
940 1499 1102 1553 paucis.
1138 1499 1350 1541 Diadema
1377 1500 1542 1554 regium
1576 1499 1767 1542 Sabbato

279 1575 379 1609 ante
403 1568 591 1611 Jubilate
611 1583 798 1623 sponsae
818 1584 921 1611 suae
944 1571 1105 1612 Mariae
1132 1571 1401 1612 meritissime
1426 1585 1451 1612 a
1472 1571 1645 1613 Boemis
1669 1584 1767 1613 con-

280 1653 448 1681 cessum
484 1648 563 1691 est,
609 1640 732 1694 cujus
765 1642 927 1684 reditus
959 1643 1147 1684 incertus
1182 1649 1261 1694 est,
1306 1656 1405 1683 nam
1437 1656 1549 1684 nunc
1588 1643 1767 1697 primum

278 1711 439 1752 indicta
484 1718 549 1753 est
594 1712 766 1754 Boemis
812 1713 969 1764 diaeta,
1018 1727 1104 1763 cur,
1150 1727 1235 1755 non
1283 1714 1387 1755 satis
1421 1721 1605 1766 const-at,
1644 1715 1766 1756 Deus

277 1790 421 1823 tamen
467 1790 551 1837 opt.
597 1797 704 1824 max.
748 1785 858 1826 bene
901 1792 1059 1827 vorsat.
1118 1785 1318 1838 Vajvoda
1362 1792 1509 1827 noster
1542 1784 1629 1839 (vel
1662 1799 1766 1827 suus

278 1852 444 1907 pocius)
477 1861 522 1895 ut
555 1855 627 1895 alii
659 1855 851 1897 referunt
883 1857 1072 1909 graviter
1104 1857 1270 1898 Turcae
1304 1843 1578 1907 contrasistit,
1618 1864 1664 1898 ut
1696 1857 1768 1898 alii

278 1925 568 1977 transilvanis,
589 1927 659 1978 qui
682 1941 729 1968 se
752 1927 846 1968 dice
866 1925 918 1981 (1²)
942 1928 1133 1981 presenti
1150 1935 1383 1982 opponunt,
1409 1928 1488 1970 sub
1510 1935 1650 1982 pacto,
1682 1941 1767 1981 quo

278 1996 395 2036 nulla
429 1997 646 2038 civitatum
679 1999 1036 2040 transilvanarum
1070 1999 1123 2041 ab
1146 2000 1208 2040 eis
1232 1999 1409 2051 senciat,
1441 1999 1630 2052 alioquin
1653 2012 1764 2041 com—

277 2068 393 2107 muni
426 2069 643 2109 sententia
676 2076 856 2111 cunctae
888 2071 1079 2123 reliquae
1112 2070 1154 2111 in
1188 2071 1378 2111 ultimum
1413 2070 1625 2112 excidium
1652 2070 1766 2112 fran-

278 2138 419 2189 gentis
440 2139 525 2180 tale
546 2139 673 2181 fedus
698 2141 1016 2182 machinaturas
1041 2148 1288 2183 constanter
1311 2149 1599 2191 asseruerunt,
1621 2143 1764 2196 placet

277 2210 488 2252 hactenus
535 2213 699 2253 cunctis
745 2213 971 2254 sententia.
1020 2214 1139 2255 Haec
1183 2213 1316 2254 habui
1348 2213 1403 2254 ad
1436 2221 1491 2265 te⁷
1536 2213 1669 2256 frater
1706 2215 1763 2256 mi

276 2282 425 2334 paucis
460 2282 636 2324 babai-ie
671 2282 768 2336 (sic)
802 2284 885 2326 hac
917 2298 1012 2326 mea
1043 2285 1163 2326 illota
1196 2291 1236 2325 et
1271 2285 1542 2337 quantumvis
1570 2285 1763 2339 impolita

278 2352 476 2394 scribere.
514 2353 732 2396 Salutabis
766 2369 860 2396 meo
893 2356 1064 2397 nomine
1110 2356 1163 2399 (si
1195 2356 1310 2409 apud
1342 2369 1419 2397 vos
1453 2363 1532 2407 est,
1577 2369 1676 2397 nam
1709 2369 1761 2397 ex

275 2423 391 2464 fama
425 2425 631 2476 quottidie
665 2425 747 2467 huc
780 2426 835 2467 ad
868 2440 946 2467 nos
980 2425 1247 2480 expectatur)
1283 2427 1523 2468 Conradum
1556 2434 1761 2480 nost-rum,

277 2494 331 2535 ad
366 2508 491 2547 quem
534 2496 702 2537 littaras
747 2511 865 2539 meas
912 2497 1142 2546 dedissem,
1189 2498 1230 2538 ni
1266 2512 1359 2539 eum
1406 2505 1691 2552 expectarem,
1725 2498 1762 2540 is

276 2572 433 2614 tamen,
478 2567 514 2607 si
547 2567 697 2619 aderit,
745 2569 798 2609 sit-
830 2582 1035 2611 novorum
1073 2570 1344 2623 presencium
1379 2576 1419 2610 te
1457 2569 1599 2610 indice
1632 2570 1762 2623 parti-

277 2650 391 2690 ceps.
440 2637 491 2677 D.
540 2638 719 2679 Paulum
764 2640 861 2681 volo
908 2640 1075 2682 salvere
1121 2641 1360 2694 plurimum,
1407 2642 1552 2693 sicque
1594 2640 1760 2682 valebis

397 2811 407 2831 ¹
434 2812 466 2846 A
494 2813 678 2847 kin-moczi
705 2815 827 2848 varosi
864 2814 1016 2850 leveltar
1041 2817 1287 2861 Religionaria
1313 2817 1462 2852 felirasu
1496 2817 1760 2862 csomagjabol.

277 2871 411 2905 Kiadta
448 2872 567 2906 Botka
594 2873 624 2907 is
666 2874 909 2919 „Bai-smegye
948 2875 1268 2921 Monogi·aphiaja“
1310 2889 1344 2921 p.
1380 2878 1575 2919 123.124.,
1615 2878 1765 2913 szamos

277 2932 433 2966 hibaval.
461 2932 655 2968 Eltereseit
682 2933 791 2968 B-vel
814 2935 991 2979 jeloltem.
