1955 3278
58 563 125 597 295

60 918 127 953 300

61 1272 128 1307 305

65 1627 134 1661 310

66 1982 133 2016 315

68 2338 136 2373 320

71 2693 138 2726 325

178 270 400 312 Continuis
432 276 589 311 vexata
621 269 745 311 malis
776 270 858 310 iam
892 275 981 310 tota
1015 270 1217 321 senescit,

234 341 424 382 Hostiles
458 341 646 393 queritur
684 341 918 382 dilacerata
950 354 1114 381 manus.

177 410 348 453 Crudeli
382 411 591 464 siquidem
624 418 822 464 torquent
856 424 934 451 sua
966 419 1142 465 pectora
1175 412 1304 463 luctu,

234 482 326 523 Illic
359 482 559 523 mortales
593 481 836 523 conditione
869 481 973 535 pari.

188 553 402 607 Turpibus
437 559 565 605 atque
600 553 740 593 solent
772 552 908 594 facies
943 552 1114 606 signare
1148 552 1308 606 figuris,

235 624 455 665 Tollentes
489 622 714 676 geminasl
747 636 921 676 prorsus
955 623 1010 664 ad
1044 630 1159 664 astra
1194 637 1357 666 manus.

176 695 230 736 Et
263 695 411 735 mulier
444 694 599 735 clamat
632 693 754 735 flavis
788 693 997 735 discincta
1030 694 1210 748 capillis,

234 765 453 806 Pulsando
487 764 642 818 pugnis
674 771 851 818 pectora
884 765 999 806 nuda
1032 766 1132 807 suis.

176 837 253 878 Ast
285 836 480 877 homines
512 836 683 889 patulas
716 836 874 877 feriunt
906 837 1139 878 ululatibus
1173 850 1314 878 auras.

238 907 292 948 Et
323 907 494 948 nimium
529 907 686 957 miseri,
720 906 877 948 damna
909 907 1053 948 futura
1086 907 1246 948 timent.

177 979 346 1032 Lingua
378 983 522 1032 stupet
553 984 696 1019 tantas
731 985 899 1031 strages
932 985 1114 1020 ventosa
1145 979 1319 1030 referre,

236 1050 453 1091 Horrescit
486 1049 606 1099 ratio,
642 1062 761 1090 mens
794 1049 951 1090 furiata
982 1056 1124 1103 pavet.

178 1120 331 1161 Diruta
363 1120 523 1174 templa
554 1120 695 1161 iacent
728 1121 862 1174 lapsis
894 1121 1087 1174 ingentia
1120 1121 1261 1172 muris,

239 1190 410 1245 Oppida
443 1205 537 1232 cum
570 1191 695 1242 villis,
730 1192 930 1243 claustra,
966 1192 1140 1243 sacella,
1176 1192 1338 1233 domus.

180 1261 297 1311 Quas
330 1268 452 1303 autor
486 1263 694 1303 scelerum
728 1262 900 1303 nimium
934 1257 1153 1317 populavit
1187 1263 1344 1315 inique,

239 1333 429 1374 Extinxit
460 1332 641 1375 flammis
674 1333 866 1375 funditus
901 1334 1101 1377 assiduis,

179 1404 288 1446 Hinc
321 1405 504 1458 populus
537 1405 704 1458 plangit
736 1404 878 1446 fluidis
910 1405 1180 1447 madefactus
1214 1406 1376 1457 ocellis,

239 1474 435 1517 Afflictus
468 1475 609 1526 valde,
644 1476 781 1516 tristia
813 1474 1003 1516 damna2
1036 1489 1180 1527 neces,

181 1545 387 1587 Natorum
421 1553 580 1587 matres
614 1546 804 1587 crudelia
837 1546 990 1588 funera
1022 1548 1244 1601 plangunt,

243 1617 298 1658 Et
328 1618 522 1658 lacerant
555 1617 751 1659 madidas
784 1631 927 1670 ungue
959 1619 1128 1671 rigente
1161 1633 1313 1672 genas,

181 1688 321 1740 Atque
355 1701 473 1729 soror
505 1688 630 1729 fletus
664 1689 799 1730 oculis
833 1688 1011 1729 effundit
1044 1690 1209 1741 inanes,

239 1759 294 1800 Et
327 1759 515 1812 queritur
546 1759 721 1801 fratrem
756 1760 1011 1813 surripuisse
1046 1774 1180 1801 suum.

184 1829 294 1881 Quid
327 1830 509 1872 referam
542 1831 722 1872 iuvenes
754 1838 914 1885 raptos,
949 1831 1186 1884 viduasque
1207 1845 1423 1886 nurusque

241 1902 382 1954 Atque
415 1908 731 1956 peremptorum
766 1915 944 1956 corpora
978 1916 1108 1944 caesa
1140 1903 1312 1944 virum?

187 1971 298 2022 Quid
331 1986 560 2014 memorem
593 1973 751 2027 gladiis
785 1979 995 2015 mactatos
1030 1974 1228 2016 mollibus
1261 1975 1384 2017 annis

244 2043 451 2095 Infantes,
486 2058 657 2098 pueros,
691 2044 1034 2098 praecipuosque
1070 2045 1233 2087 senes?

186 2114 302 2165 Quos
336 2115 371 2156 si
404 2129 710 2157 connumerare
743 2116 871 2157 velim
904 2123 1167 2169 cunctosque
1200 2117 1361 2158 referre

243 2186 485 2240 Promptius
520 2200 764 2227 enumerem
798 2186 954 2240 sydera
989 2187 1104 2228 clara
1136 2189 1248 2242 polo,

185 2257 349 2298 Littora
381 2263 483 2310 quot
515 2257 717 2309 conchas,
752 2265 853 2311 quot
887 2271 1040 2299 amena
1072 2259 1236 2300 rosaria
1268 2259 1431 2312 110163,ὃ

247 2328 444 2381 Quotque
479 2329 619 2382 sopori
652 2330 789 2370 ferum
822 2342 957 2383 grana
990 2343 1182 2383 papaver
1214 2330 1358 2372 habet.

187 2398 393 2442 Omnibus
427 2413 480 2441 en
514 2401 681 2442 dulcem
714 2400 904 2454 requiem
939 2402 1176 2442 sceleratus
1210 2401 1382 2453 ademit,

245 2471 298 2511 Et
331 2471 484 2512 clausit
516 2480 686 2513 nostras
719 2472 916 2525 nequiter
946 2472 1017 2513 ille
1052 2471 1157 2513 vias.

187 2541 421 2583 Possumus
455 2543 652 2584 exhausti
685 2543 836 2584 molles
869 2556 954 2584 non
989 2555 1165 2596 carpere
1201 2556 1386 2595 somnos,

247 2612 337 2654 Nec
369 2612 506 2655 dulcis
539 2614 677 2667 pascit
708 2614 915 2667 languida
947 2613 1138 2655 membra
1173 2627 1312 2668 sopor.

189 2683 361 2737 Rumpit
395 2690 437 2725 et
470 2685 678 2726 insomnis
712 2685 927 2727 decretam
962 2698 1063 2725 cura
1099 2684 1298 2737 quietem,

250 2754 370 2804 Quae
403 2755 485 2797 nisi
517 2756 715 2798 sincerea
749 2757 902 2797 sistere
935 2762 1079 2797 mente
1113 2756 1272 2809 nequit.

193 2903 202 2923 ¹
231 2905 432 2949 gemminas
459 2907 500 2939 A.
552 2906 564 2924 2
591 2906 749 2950 dampna
776 2908 816 2940 A.
869 2906 881 2925 ³
907 2906 1013 2941 florcs
1041 2906 1083 2940 A.

142 2985 168 3012 J.
183 2978 284 3013 ᾸΒΕιε
305 2986 465 3014 ANALECTA
485 2996 572 3014 ΝονΑ.
1370 2978 1413 3012 17

1470 124 1538 158 257
