1955 3278
1495 104 1563 139 ⁴277

221 325 461 363 Mar-silius
488 325 679 362 Ficinus
704 325 952 362 Franciseo
980 326 1191 363 Bandino
1220 326 1260 363 S.
1285 327 1330 363 P.
1356 327 1428 363 D.¹

198 436 401 487 Litterae,
447 436 503 477 mi
536 435 745 487 Bandine,
791 442 891 477 tuae
935 449 1186 490 prosperam
1235 437 1404 490 quidem
1449 438 1563 479 vale-

83 506 273 548 tudinem
306 513 421 548 tuam
454 507 557 548 mihi
590 506 846 560 significant,
880 520 1018 548 meam
1045 520 1145 549 vero
1173 507 1436 550 confirmant.
1469 509 1562 562 Ego

80 577 267 619 vicissim
310 577 469 619 idcirco
514 577 770 631 respondeo,
816 584 861 618 ut
906 577 1005 618 dum
1051 578 1248 631 significo·
1289 579 1365 620 tibi
1410 592 1562 630 meam,

81 655 197 689 tuam
242 662 410 701 quoque
459 648 718 690 confirmem.
782 648 877 690 Non
924 649 1131 690 immerito
1180 649 1408 690 amicorum
1457 651 1565 692 alter

80 719 241 773 pendet
275 733 326 760 ex
359 719 507 770 altero,
542 719 751 772 siquidem
786 726 852 761 est
884 720 992 760 alter
1023 719 1065 760 in
1098 720 1246 762 altero.

198 790 265 832 De
298 790 498 832 Vaciensi
530 803 631 832 vero
664 790 879 844 Episcopo
913 797 1057 831 nostro
1080 791 1180 843 quid
1203 791 1377 832 dicam?
1411 792 1566 833 Verum

82 862 187 902 satis
221 861 418 914 equidem
465 861 566 913 dixi,
613 861 738 902 modo
784 875 880 903 cum
927 861 981 903 de
1016 862 1139 903 nobis
1173 862 1272 913 dixi,
1319 863 1496 916 proinde
1530 864 1566 904 si

82 945 268 974 amorem
300 945 404 986 erga
435 933 548 973 hunc
581 931 796 986 explicare
830 946 968 974 meum
991 933 1165 974 voluero
1189 933 1370 975 caeteris
1394 933 1566 986 quidem

80 1003 356 1057 longissimus
390 1017 475 1055 ero,
512 1003 613 1044 mihi
645 1016 757 1044 vero
779 1003 1071 1045 brevissimus.
1121 1004 1235 1057 Ergo
1268 1018 1321 1045 ne
1355 1005 1423 1046 vel
1457 1005 1563 1046 alios

82 1074 302 1129 prolixitas
335 1072 553 1125 taedeat,2
587 1075 657 1116 vel
678 1088 744 1115 me
768 1075 1000 1128 poeniteat.
1034 1076 1256 1117 brevitatis
1280 1076 1438 1117 affectu
1462 1076 1565 1117 dun-

82 1152 200 1187 taxat
234 1152 460 1188 contentus
494 1159 565 1187 ero
599 1145 947 1199 quandoquidem
980 1159 1177 1187 sermone
1211 1160 1295 1188 non
1322 1160 1507 1201 possum.

218 1354 454 1391 Marsilius
480 1355 669 1391 Fieinus
696 1354 945 1392 Francisco
972 1355 1183 1391 Bandino
1212 1355 1251 1391 S.
1280 1355 1324 1391 P.
1353 1356 1404 1391 D.
1422 1357 1434 1376 ³

200 1465 379 1507 Accedit
401 1465 457 1506 ad
479 1478 555 1507 vos
577 1465 751 1506 tandem
773 1466 897 1507 Plato
920 1472 1066 1507 noster
1087 1465 1159 1519 pia
1191 1465 1378 1519 Philippi
1399 1465 1566 1508 Valoris

83 1550 225 1592 opera.
272 1537 423 1589 Neque
468 1537 662 1590 profecto
708 1536 871 1589 absque
917 1537 1123 1591 singulari
1170 1537 1314 1578 valore
1360 1537 1566 1578 valuisset

83 1622 268 1661 unquam
301 1614 422 1649 tanta
465 1614 671 1649 terrarum
705 1608 845 1661 spatia
877 1621 1119 1662 peragrare.
1170 1608 1284 1661 Ergo
1319 1621 1414 1661 age,
1455 1621 1565 1649 com-

81 1679 297 1733 platonice
341 1679 398 1720 mi
441 1678 652 1731 Bandine,
698 1685 903 1732 quantum
945 1692 1026 1732 ego
1060 1686 1100 1720 te
1135 1691 1243 1729 amo,
1290 1685 1491 1731 quantum
1526 1686 1568 1720 et

81 1757 126 1791 tu
159 1764 225 1792 me
259 1763 393 1801 amas,
440 1756 602 1791 tantum
650 1750 758 1792 sicut
792 1756 833 1791 et
867 1750 980 1791 soles
1019 1749 1183 1791 honora
1220 1750 1457 1792 Platonem.
1506 1751 1568 1792 Ac

83 1821 119 1862 si
150 1821 322 1862 Platoni
354 1834 466 1863 nunc
498 1821 652 1862 iterum
685 1821 913 1875 peregrino
947 1834 1054 1874 opus
1085 1827 1151 1862 est
1174 1821 1374 1874 hospitio,
1407 1821 1567 1875 hospes

83 1898 187 1934 esto.
217 1892 233 1914 4
265 1892 428 1934 Rursus
462 1892 497 1933 si
529 1905 679 1946 parum
710 1892 838 1933 isthic
870 1898 970 1933 noto
1003 1905 1111 1945 opus
1135 1899 1201 1933 est
1223 1905 1450 1946 praecone,
1475 1897 1567 1933 esto

82 1976 252 2018 praeco,
287 1964 323 2004 si
356 1963 542 2017 denique
575 1963 686 2004 inter
718 1962 990 2004 adversarios
1022 1962 1254 2015 trepidanti
1276 1963 1566 2004 necessarium

81 2034 209 2076 fuerit
241 2035 577 2089 partrimonium,
613 2041 705 2076 esto
738 2040 956 2088 patronus.
1006 2032 1153 2076 Vale.5

215 2243 450 2280 Marsilius
476 2244 668 2281 Ficinus
693 2244 941 2280 Francisco
970 2243 1182 2280 Bandino
1218 2243 1258 2280 S.
1285 2243 1330 2279 P.
1358 2244 1408 2280 D.
1427 2246 1439 2263 ‘³

201 2356 439 2406 Platonem,
485 2355 696 2407 Bandine,
743 2369 867 2408 quem
901 2354 1140 2408 expetistis,
1188 2355 1366 2396 arbitror
1396 2355 1481 2395 iam
1514 2354 1569 2396 ad

83 2439 160 2468 vos
193 2433 293 2468 ante
326 2426 405 2467 has
428 2427 595 2468 litteras
628 2427 906 2481 pervenisse;
942 2426 1054 2467 hunc
1077 2439 1180 2478 ergo
1201 2424 1374 2467 felices7
1402 2426 1568 2467 interea

82 2497 213 2550 legite
259 2497 359 2538 dum
404 2511 485 2551 ego
531 2498 586 2539 do
620 2511 806 2552 operam,
854 2504 898 2537 ut
932 2494 1221 2550 quandoqueS
1266 2497 1422 2550 legatis
1455 2497 1566 2538 lecto

82 2567 263 2609 Platone
310 2568 534 2609 Plotinum.
595 2569 791 2610 Plotinus
825 2575 972 2610 noster
1010 2567 1325 2609 Platonicorum
1358 2581 1443 2608 una
1476 2580 1570 2608 cum

82 2638 262 2681 Platone
297 2652 373 2681 suo
396 2639 524 2681 facile
545 2641 748 2694 princeps
772 2639 1083 2692 quinquaginta
1104 2645 1146 2679 et
1170 2645 1350 2690 quatuor
1373 2636 1569 2679 divinos⁰

202 2765 210 2785 ¹
239 2778 272 2810 p.
301 2767 379 2800 859.
404 2787 445 2790 —
474 2767 513 2800 Ρ.
539 2767 713 2812 hianyzik
740 2768 871 2801 F-ben.
923 2767 935 2785 ²
961 2767 1086 2801 taedat
1112 2766 1161 2799 H.
1214 2765 1225 2784 ³
1252 2778 1284 2809 p.
1305 2766 1383 2800 870.
1404 2785 1447 2789 —
1468 2765 1507 2799 P.
1526 2766 1570 2799 D·

79 2825 254 2869 hianyzik
272 2826 404 2861 F-ben.
448 2827 461 2846 4
487 2830 544 2860 est
562 2826 610 2860 H.
659 2827 670 2846 ’ὗ
698 2827 787 2861 Vale
816 2826 989 2870 hianyzik
1008 2826 1144 2859 H-ban.
1193 2824 1205 2843 ‘³
1231 2837 1263 2869 p.
1285 2826 1362 2859 871.
1389 2825 1427 2859 P.
1447 2825 1570 2868 hiany-

83 2884 144 2918 zik
160 2883 293 2919 F-ben.
334 2884 346 2903 ⁷
373 2884 527 2920 feliciter
546 2885 595 2918 H.
635 2888 647 2904 ὅ
674 2887 821 2930 quando
841 2886 939 2930 quod
956 2886 1007 2920 H.
1048 2886 1060 2904 ⁹
1088 2884 1228 2919 divinos
1248 2884 1419 2928 hianyzik
1438 2884 1570 2918 F-ben.
