1898 3278
275 136 319 169 20

275 286 316 321 te
350 293 574 334 exuperes.
609 279 744 331 Hanc,
778 286 823 320 ut
856 293 996 334 spero,
1031 277 1128 334 (etsi
1161 293 1213 321 ea
1245 286 1311 322 est
1342 277 1513 334 ingens)
1552 280 1758 335 perfacile

275 352 435 399 vinces,
471 351 507 391 si
538 349 594 391 ad
627 356 796 391 nostras
828 356 870 392 te
904 356 1037 392 totum
1070 350 1213 392 artesl
1257 351 1531 402 converteris,
1571 351 1684 392 unde
1716 358 1758 392 te

284 420 563 463 Varadz'ensz‘s
588 420 864 474 praefectura
896 422 1071 476 paulum
1104 421 1234 463 flexit.
1266 422 1400 475 Igitur
1432 428 1589 464 eventa
1621 435 1760 463 rerum

274 491 451 535 Pata-rii
495 493 594 533 dum
639 499 859 547 expectas,
906 506 1020 543 cura,
1053 493 1241 545 elabora,
1286 493 1476 547 invigila,
1509 492 1682 547 perfice⁷
1716 500 1760 534 ut

275 565 487 606 resarcias
520 564 795 618 praeteritam
828 578 995 606 omnem
1030 564 1264 606 studiorum
1296 565 1515 606 iacturam.
1551 564 1644 606 Non
1668 577 1760 606 suc-

275 635 464 686 cumbas7
507 636 581 676 ulli
613 635 744 687 oneri,
765 634 780 657 ²
820 649 904 676 non
936 635 1092 689 iniquis
1126 635 1446 689 deperditisque
1483 635 1760 689 temporibus,

274 720 359 748 non
405 707 685 748 saevissimae
731 706 1149 759 adversissimaeque
1195 706 1407 749 fortunae.
1458 706 1606 748 Scribo
1651 707 1760 748 haec

275 784 469 819 amanter
502 778 556 820 ad
589 784 645 830 te,
680 785 724 819 ut
758 778 910 828 debeo,
944 784 1071 831 teque
1104 791 1223 832 rogo,
1257 785 1302 819 ut
1333 778 1435 819 licet
1467 778 1644 819 consilio
1666 791 1760 819 meo

274 849 368 903 ipse
402 864 486 891 non
521 864 667 903 egeas,
701 850 783 891 hac
814 856 957 891 tamen
990 849 1032 891 in
1056 863 1101 891 re
1135 850 1212 891 tibi
1245 863 1271 891 a
1292 863 1359 890 me
1389 849 1553 890 consuli
1581 849 1758 904 patiare.

274 921 342 962 Me
376 922 547 974 quidem
581 935 751 976 semper
782 922 824 962 in
858 922 972 963 omni
1004 921 1175 963 fortuna
1206 921 1516 972 fidelissimum,
1557 920 1761 962 amicissi-

277 1006 475 1045 mumque
498 993 693 1035 habebis.
716 993 801 1034 Res
827 1000 941 1034 certe
968 1006 1088 1034 meas
1116 992 1306 1045 omnes‚³
1339 1005 1619 1045 quaecunque
1649 998 1760 1042 sunt,

275 1077 360 1105 non
392 1063 469 1105 tibi
503 1065 639 1105 solum
672 1065 754 1106 hac
786 1070 907 1105 tanta
945 1070 1016 1105 tuo
1050 1064 1311 1106 necessitate
1344 1064 1556 1118 promitto,
1596 1062 1674 1104 sed
1706 1063 1762 1104 ad

275 1140 316 1176 te
352 1135 460 1177 ultro
493 1135 677 1177 libenter
709 1135 870 1177 defero.
902 1135 1019 1176 Vale.

322 1358 708 1395 Bartholomaeus
734 1358 930 1395 Fontius
956 1358 1090 1395 Petro
1117 1358 1352 1395 Garasdae
1378 1358 1618 1394 Pannonio
1646 1357 1686 1394 S.
1703 1358 1714 1375 ⁴

393 1469 580 1510 Tantum
614 1476 680 1511 est
703 1476 939 1524 temporum
964 1483 1190 1523 rerumque
1214 1470 1400 1511 omnium
1421 1470 1643 1511 immutata
1666 1482 1762 1511 con-

275 1539 392 1591 ditio,
438 1547 482 1581 ut
517 1541 688 1582 minime
734 1541 974 1583 mirandum
1008 1542 1074 1593 sit,
1121 1542 1156 1582 si
1189 1554 1270 1595 ego
1304 1555 1473 1594 quoque
1507 1541 1562 1582 ad
1594 1547 1763 1595 tempus

277 1612 459 1666 patriam
474 1618 644 1654 mutem.
662 1613 771 1654 Nam
787 1613 824 1654 si
839 1613 1048 1667 sapientis
1067 1619 1132 1654 est
1147 1613 1329 1654 hominis
1347 1613 1594 1667 tempestati
1609 1611 1763 1654 cedere

277 1695 418 1736 neque
465 1683 649 1724 eundem
683 1697 854 1738 semper
887 1697 1056 1725 cursum
1091 1690 1237 1726 tenere
1272 1697 1356 1725 non
1396 1684 1499 1724 mihi
1538 1683 1638 1725 vitio
1672 1683 1764 1724 dari

278 1760 437 1808 putem⁷
473 1754 508 1795 si
536 1768 630 1796 cum
652 1768 705 1796 ea
737 1768 864 1808 quam
896 1768 1205 1809 proposueram
1237 1756 1308 1798 via
1338 1755 1393 1796 ad
1417 1761 1609 1809 optatum
1637 1753 1764 1795 finem

275 1826 499 1879 pervenire
532 1839 617 1867 non
649 1827 824 1881 possim,
859 1827 944 1868 alia
971 1828 1032 1868 ire
1065 1840 1255 1881 pergam,
1290 1839 1374 1879 qua
1403 1825 1459 1867 ad
1483 1827 1640 1867 exitum
1673 1832 1764 1866 tan-

277 1896 375 1938 dem
407 1897 630 1950 perducar.
664 1898 813 1950 Itaque
848 1904 890 1939 et
910 1898 1059 1940 horum
1080 1904 1317 1952 temporum
1341 1904 1383 1938 et
1408 1910 1598 1938 mearum
1625 1909 1764 1937 rerum

275 1968 461 2009 omnium
505 1969 671 2010 ratione
716 1976 958 2023 perspecta.
1006 1983 1100 2010 cum
1146 1982 1346 2011 censeam
1392 1982 1475 2010 non
1521 1981 1618 2010 esse
1652 1967 1766 2009 domi

277 2039 461 2093 amplius
496 2039 793 2092 desidendum,
827 2047 868 2081 te
901 2054 978 2095 per
1009 2048 1124 2081 tuum
1157 2041 1201 2082 in
1234 2054 1300 2082 me
1328 2053 1516 2082 amorem
1538 2052 1763 2092 meumque

276 2123 382 2164 erga
414 2117 455 2152 te
489 2118 677 2153 mutuum
712 2113 839 2154 etiam
874 2119 1002 2165 atque
1036 2113 1164 2154 etiam
1195 2126 1314 2166 rogo,
1347 2119 1392 2153 ut
1426 2111 1480 2153 de
1506 2111 1630 2153 nobis
1651 2110 1765 2164 quod

276 2183 507 2235 promisisti
541 2184 758 2226 conficias.
792 2182 963 2225 Nullam
997 2185 1107 2225 enim
1131 2185 1259 2225 aliam
1282 2184 1384 2225 mihi
1405 2184 1517 2226 viam
1541 2183 1596 2224 ad
1619 2189 1766 2224 nostra

276 2253 420 2295 studia
451 2255 644 2296 relictam
678 2268 775 2296 esse
804 2256 1030 2310 perspicio,
1062 2268 1241 2308 cumque
1277 2256 1412 2297 omnis
1447 2255 1572 2296 Italia
1598 2253 1764 2295 intesti-

276 2324 342 2365 nis
376 2324 718 2367 dissensionibus
742 2333 807 2367 est
830 2333 1007 2379 armata⁷
1041 2334 1214 2379 tumque
1247 2327 1448 2380 princeps
1469 2326 1514 2367 in
1541 2339 1593 2368 ea
1623 2325 1765 2366 nullus

276 2395 396 2437 favet
427 2396 677 2438 liberalibus
711 2397 960 2452 disciplinis.
1009 2398 1219 2451 Equidem
1251 2398 1295 2438 ni
1326 2397 1428 2439 mihi
1459 2395 1766 2452 persuaderem

278 2480 372 2507 cum
406 2467 515 2509 haec
548 2468 659 2510 scrib
692 2482 796 2521 rem,
828 2475 871 2510 te
904 2483 980 2523 pro
1013 2476 1086 2510 tuo
1119 2482 1282 2510 summo
1314 2469 1357 2509 in
1390 2481 1456 2509 me
1487 2481 1630 2509 amore
1650 2480 1764 2509 meo-

278 2551 360 2590 que
405 2539 449 2579 in
491 2546 532 2580 te
565 2540 658 2594 pari
702 2545 775 2581 tua
821 2547 974 2595 sponte
1019 2542 1148 2581 etiam
1182 2541 1274 2582 sine
1318 2540 1425 2581 meis
1469 2539 1621 2580 litteris
1667 2551 1764 2580 esse

280 2609 505 2663 facturum,
539 2612 663 2665 plura
689 2611 920 2653 scriberem
942 2625 1096 2664 meque
1116 2612 1195 2653 tibi
1214 2611 1462 2665 diligentius
1496 2609 1764 2652 commenda-

277 2693 385 2732 rem;
420 2688 582 2724 tantum
607 2696 694 2734 oro,
719 2684 755 2725 si
781 2697 849 2725 me
872 2683 932 2724 tui
956 2682 1313 2724 studiosissimum
1338 2696 1507 2737 semper
1532 2682 1657 2733 nosti,
1680 2681 1762 2723 hoc

403 2880 410 2900 ¹
440 2882 526 2915 artis
557 2882 593 2915 0.
634 2881 646 2900 ²³
672 2882 798 2916 honeri
828 2881 865 2917 C.
917 2881 930 2900 ³
956 2882 1073 2917 omnis
1105 2881 1141 2915 C.
1193 2882 1206 2900 ⁴
1233 2880 1321 2915 Cod.
1349 2881 1451 2916 Univ.
1490 2881 1628 2915 Bonon.
1661 2880 1763 2914 2382.

278 2939 342 2973 fol.
369 2940 426 2979 Tb,
454 2941 507 2974 8³.
