1919 3273
1468 141 1536 175 385

119 295 142 328 5
201 285 374 327 Scilicet
406 285 490 326 huc
522 284 670 337 adeas,
704 284 908 326 rimantes
940 285 1108 326 viscera
1139 291 1277 327 rostro

259 355 505 397 Caucaseas
537 355 697 409 poteris
729 354 892 408 fingere
925 355 1058 397 tristis
1092 369 1208 398 aves.

199 427 264 468 Tu
298 432 442 468 tamen
475 426 720 479 adstringes
752 426 979 479 religatum
1012 440 1116 480 rupe
1151 426 1358 478 cathenis,

256 497 310 538 Et
343 496 518 538 dantem
549 509 715 550 poenas
749 496 934 538 criminis
968 510 1067 539 esse
1100 511 1229 539 reum.

197 568 400 609 Finxerat
431 567 502 608 ille
537 580 689 621 genus,
725 580 830 609 saxo
864 573 961 621 post
995 574 1120 622 terga
1150 568 1322 621 reiecto,

97 649 143 684 10
257 638 531 690 Penituitque
568 651 718 679 manus
752 638 993 680 excoluisse
1026 639 1153 681 viros.

198 709 269 752 Sic
302 716 347 749 tu
379 708 623 750 devinctum
663 709 879 750 Turchum
911 710 1151 764 perstringe
1185 711 1392 763 cathenis,

259 780 351 822 Hoc
384 786 450 821 est
483 780 598 833 quod
629 793 796 832 moneo,
829 794 896 822 me
929 781 1137 823 monitore
1169 781 1263 824 frui.

47 958 122 1000 Ad
153 959 332 1000 eundem
364 958 509 1000 clivum
545 958 842 1000 Vuladislaum
875 958 1032 1013 Reyem
1063 957 1256 1001 sereniss.
1284 959 1333 1000 de
1358 973 1536 1001 suarum

51 1029 303 1072 divitiarum
346 1029 646 1084 maym‘tuclz'ne
690 1030 896 1082 famaque
942 1029 1132 1071 maxima
1176 1030 1225 1071 de
1270 1044 1350 1071 sua
1393 1030 1536 1072 mum-

702 1100 886 1152 lieentia.

197 1207 382 1248 Maxima
414 1212 610 1249 versatur
643 1207 695 1248 de
728 1213 770 1248 te
805 1221 918 1261 vaga
949 1207 1066 1248 fama
1097 1220 1173 1262 per
1205 1207 1362 1259 orbem,

258 1277 383 1327 Quod
415 1284 460 1318 tu
493 1277 741 1319 Romulidas
778 1277 898 1319 dives
930 1278 973 1318 in
1007 1290 1077 1326 ere
1110 1277 1279 1332 premis.

201 1349 251 1390 Et
275 1362 455 1403 superas
480 1362 663 1399 crassos,
684 1354 882 1403 poterant
906 1349 978 1402 qui
1000 1348 1200 1390 traddere
1219 1346 1262 1402 (l)
1278 1349 1402 1390 luxus

258 1419 517 1471 Dardanios,
551 1426 769 1472 nequeunt
802 1426 843 1461 te
879 1420 1091 1461 tribuente
1124 1425 1278 1462 tamen.

124 1501 142 1534 1
199 1491 295 1532 Non
327 1491 480 1544 opibus
515 1496 682 1532 certant
717 1490 874 1542 Crassi,
907 1491 1097 1544 lautique
1130 1491 1308 1541 Luculli,

260 1561 376 1611 Quos
407 1562 450 1602 in
483 1561 708 1615 Apollineo
740 1561 905 1602 fercula
936 1562 1041 1602 mira
1073 1562 1267 1616 probant.

199 1633 334 1674 Dives
369 1633 537 1674 Tuscus
571 1638 663 1673 erat
696 1640 891 1685 segetum
925 1632 1049 1674 modo
1084 1633 1269 1674 carmine
1303 1633 1441 1675 cultus

257 1704 310 1744 Et
344 1717 469 1757 quem
502 1709 755 1757 presserunt
787 1703 874 1744 tela
905 1703 1087 1745 Neronis
1121 1717 1254 1757 eques

199 1775 344 1817 Vincis
379 1781 420 1816 et
453 1774 664 1816 auriferas
696 1774 861 1815 Pactoli
894 1775 1010 1816 solus
1043 1775 1242 1826 harenas,

101 1856 145 1889 10
258 1846 397 1899 Atque
431 1846 555 1900 Tagi,
589 1846 732 1886 nullus
766 1851 852 1886 stat
884 1858 1027 1887 comes
1061 1859 1161 1887 ecce
1194 1845 1283 1887 tibi.

199 1916 358 1958 Aurum
391 1917 589 1968 Fabricii,
623 1930 703 1958 nec
735 1922 780 1956 tu
815 1923 1040 1957 contemne
1075 1916 1253 1968 Camilli,

259 1988 313 2028 Et
345 2001 483 2042 genus
519 1994 561 2030 et
594 2001 763 2039 nomen,
798 1987 969 2029 divitias
1003 1994 1044 2029 et
1076 1988 1223 2029 habes.

50 2165 122 2207 Ad
145 2166 326 2207 eumdem
356 2164 499 2207 divum
526 2165 824 2206 Vuladislaum
852 2164 1082 2219 Hunyarz'e
1101 2169 1138 2206 et
1160 2164 1359 2206 Bohemie
1380 2164 1537 2219 Reyem

51 2235 249 2279 sereniss.
295 2235 528 2278 admonitio
576 2235 614 2277 si
648 2235 881 2288 aliquando
927 2234 1133 2289 naviyare
1177 2234 1428 2290 eontinyerit
1457 2249 1538 2289 per

621 2321 738 2348 mare
771 2311 972 2348 exterum.

200 2413 378 2455 Visurus
411 2413 600 2467 gelidam
632 2414 832 2468 princeps
866 2413 902 2454 si
933 2414 1080 2454 leserit
1111 2414 1280 2455 Arcton.

260 2484 388 2526 Unda
418 2484 530 2536 freti,
566 2484 726 2526 suberit
758 2484 982 2524 Parrhasis
1016 2497 1115 2524 ursa
1148 2483 1225 2525 tibi

199 2555 279 2597 Vel
310 2561 356 2596 tu
391 2555 604 2608 Sydonias
637 2555 840 2596 transibis
874 2554 1055 2607 belliger
1087 2567 1183 2595 oras

260 2627 343 2667 Aut
376 2626 494 2667 Elice
528 2639 696 2680 puppes
730 2626 797 2667 vel
832 2625 1051 2678 Cynosura
1083 2632 1217 2678 reget,

123 2707 144 2740 5
201 2697 322 2739 Ultra
355 2697 391 2738 si
422 2697 578 2738 tendes
611 2696 940 2737 Athamantidos
974 2709 1162 2748 aequora
1193 2695 1335 2746 remis,

259 2767 420 2818 Queret
454 2768 672 2821 navigium
705 2767 900 2821 Phryxus
935 2767 988 2808 ab
1022 2766 1145 2807 Helle
1178 2780 1269 2812 sua,

202 2838 286 2879 Aut
317 2838 584 2891 Phariosque
620 2839 738 2879 sinus
771 2843 886 2878 certe
919 2837 1106 2878 tentabis
1140 2843 1181 2877 et
1213 2836 1363 2887 undas,

261 2909 620 2962 Andromedeque
653 2909 794 2950 ferent
828 2914 953 2961 gesta
986 2921 1143 2950 corona
1174 2908 1279 2949 vias.

124 2999 157 3027 E.
179 2992 276 3027 Ama:
297 3001 458 3027 ANALECTA
477 3009 565 3028 NOVA.
1351 2989 1394 3021 25
