1919 3273
456 698 683 751 INDEX
723 698 1276 753 ALPHABETICUS.

198 939 352 974 .Aldus
378 940 559 974 Manutius
597 941 699 974 Rom.
738 941 908 984 Philippo
943 940 1081 985 Cylano
1125 941 1245 976 Morae
1282 941 1471 976 Pannonio

409 999 567 1042 epistola
605 999 830 1034 dedicatoria
869 1000 915 1033 ad
945 1000 988 1034 M.
1019 999 1204 1035 Ciceronis
1237 1001 1471 1043 epistolarum

408 1059 536 1092 librum
564 1058 610 1092 ad
636 1058 797 1093 Atticum
826 1061 893 1093 etc.
921 1059 1096 1100 Venetus,
1124 1059 1286 1093 MDXIII.
1346 1087 1351 1093 .
1405 1088 1410 1093 .
1464 1087 1470 1094 .

348 1117 529 1152 Manutius
553 1118 594 1151 R.
623 1117 857 1161 Sigismondo
882 1117 1025 1152 Thurzo
1050 1118 1238 1152 Pannonio
1257 1118 1472 1154 Varadiensi

407 1177 601 1221 Episcopo.
630 1177 746 1219 (Marc.
768 1177 808 1211 T.
833 1175 1019 1211 Ciceronis
1039 1177 1218 1220 epistolae
1244 1176 1470 1222 familiares.)

407 1236 582 1277 venetiis,
610 1235 811 1269 MDXXVII
817 1262 1469 1271 ............

241 1295 472 1330 Ambruster
498 1296 741 1339 (Laurentius)
769 1295 988 1330 Cibiniensis
1017 1296 1062 1329 ad
1089 1296 1274 1331 lectorem.
1317 1297 1473 1339 (Alberti

406 1356 529 1400 magni
554 1355 786 1399 philosophie
800 1354 982 1389 Naturalis
1002 1355 1160 1400 Isagoge
1187 1357 1269 1398 etc.)
1296 1356 1468 1398 Viennae,

406 1415 568 1449 MDXIV.
635 1442 1466 1450 ...............

241 1473 444 1508 Anselmus
470 1475 593 1518 Nepos
621 1474 843 1518 (Georgius).
872 1473 979 1507 Varia
1004 1476 1195 1517 poemata:

347 1533 407 1567 Ad
433 1534 599 1578 Tydeum
626 1534 836 1578 Ugolettum
867 1560 1468 1568 ...........

345 1593 579 1637 Epitaphium
607 1593 711 1627 Tadii
738 1592 899 1637 Ugoletti
929 1620 1470 1628 ..........

347 1652 407 1686 Ad
433 1653 599 1697 Tydeum
626 1652 836 1696 Ugolettum
871 1680 1469 1687 ...........

347 1712 580 1755 Epitaphium
617 1711 858 1745 Illustrissimi
895 1712 1051 1746 Mathiae
1084 1712 1311 1756 Ungarorum
1356 1712 1469 1756 Regis

347 1771 499 1805 Antonii
531 1770 687 1804 Bonfinii
756 1796 1471 1805 .............

348 1830 581 1874 Epitaphium
607 1830 643 1863 in
664 1830 872 1864 Ladislaum
894 1840 1017 1874 regem
1042 1830 1262 1872 Pannoniae,
1290 1830 1380 1864 Boh.
1404 1833 1471 1865 etc.

197 1917 203 1924 .
230 1890 497 1934 Argyropylus
523 1890 729 1931 (Ioannes):
757 1890 803 1923 ad
828 1889 1036 1923 Ladislaum
1062 1889 1249 1923 Vetesium
1286 1917 1292 1923 .
1346 1917 1352 1923 .
1405 1917 1411 1922 .
1464 1917 1470 1923 .

197 1948 426 1984 ,Arnoldus
464 1949 510 1983 de
550 1949 710 1983 Bawaria
748 1949 853 1991 (Fr.):
892 1948 1073 1992 Prologus
1112 1949 1279 1991 opusculi
1318 1949 1363 1983 de
1398 1951 1473 1983 arte

408 2009 555 2052 poetica
579 2034 1471 2042 ................

198 2095 204 2102 .
231 2067 376 2102 Balbus
394 2068 678 2112 (Hieronymus).
708 2066 874 2101 Carmina
892 2067 1000 2100 varia.
1028 2066 1202 2107 Viennae,
1220 2065 1447 2101 MCDXCIV.
1464 2079 1471 2099 ;

336 2126 475 2166 ,1οᾶῃηί
500 2126 643 2160 Vitezio
670 2125 932 2169 Vesprimiensi
960 2135 1001 2159 ac
1027 2124 1251 2159 Viennnensi
1286 2125 1472 2169 Episcopo

349 2186 516 2220 Michaeli
543 2186 684 2220 Vitezio
753 2211 1472 2218 .............

437 2273 442 2287 ,
615 2274 627 2286 „
754 2271 1472 2278 .............

349 2305 535 2339 Michaelis
549 2305 680 2339 Vitezii
699 2304 743 2337 ad
767 2303 1000 2338 Reverendis.
1016 2303 1210 2336 Dominum
1224 2303 1272 2338 Io.
1292 2303 1473 2337 Vitezium

408 2364 630 2408 Episcopum
648 2363 956 2407 Vesprimiensem
977 2373 1017 2396 ac
1035 2363 1279 2397 Viennensem
1295 2362 1414 2406 elegia
1466 2390 1472 2396 .

350 2424 410 2458 Ad
436 2424 486 2458 Io.
514 2424 719 2467 Baptistam
746 2422 790 2456 de
818 2422 961 2456 Zoculis
992 2449 1471 2455 .........

349 2483 583 2527 Epitaphium
610 2482 687 2516 eius
755 2508 1472 2515 .............

350 2543 400 2577 Io.
429 2542 567 2576 Vitezio
594 2540 857 2584 Vesprimiensi
885 2550 927 2574 ac
954 2538 1149 2574 Viennensi
1175 2540 1361 2583 Episcopo
1407 2567 1413 2573 .
1466 2568 1472 2574 .

350 2602 531 2645 Inscripto
557 2602 593 2635 in
619 2601 701 2635 loco
728 2600 856 2634 Iudicii
882 2600 1010 2633 summi
1052 2626 1472 2633 ........

353 2661 632 2705 (Hieronymus).
676 2660 811 2694 Poissma
853 2659 1115 2693 dedicatoriam
1154 2659 1200 2692 ad
1238 2658 1472 2702 Tripartitum

410 2719 747 2753 Werbeuczianum.
775 2717 944 2751 MDXVII
949 2744 1474 2752 ..........

201 2807 207 2813 .
234 2778 558 2813 Bartholomaeus
571 2778 724 2812 Fontius
743 2777 916 2811 Matthiae
938 2776 1094 2811 Corvino
1113 2777 1207 2821 Regi
1225 2777 1413 2811 Pannonio
1438 2776 1473 2811 S.

201 2865 207 2871 .
234 2837 528 2872 Bartholomaei
553 2837 673 2871 Fontii
691 2837 837 2871 Tadeus
855 2837 982 2880 incipit
1001 2836 1047 2870 ad
1072 2836 1260 2870 Matthiam
1279 2834 1474 2878 Corvinum

412 2898 551 2941 Regem
577 2897 854 2931 invictissimum
876 2922 1236 2929 .......
1290 2909 1295 2916 -

1540 894 1611 928 Pag.

1571 2007 1616 2041 10

1572 2126 1614 2159 11

1572 2186 1613 2218 11

1572 2245 1615 2277 12

1574 2363 1615 2395 12

1572 2422 1616 2455 13

1572 2481 1615 2514 13

1572 2541 1616 2573 14

1573 2599 1617 2632 14

1574 2777 1617 2810 16

1573 2896 1617 2928 18
