1898 3278
1559 160 1604 193 83

183 351 221 392 p.
254 336 323 380 82.
375 336 544 378 Caelius
582 336 669 378 Cal.
702 336 880 378 Nicolao
913 337 1097 379 Bacchis>
1130 337 1264 393 Reyz'o
1300 337 1541 379 Sec-retardo.

235 432 395 486 Accepi
426 432 572 473 literas
605 438 701 472 tuas
735 431 837 472 mihi
870 432 998 484 longe
1022 433 1302 485 gratissimas,
1338 446 1462 485 quom
1486 433 1601 486 apud

116 507 158 543 te
191 503 274 543 mei
306 503 551 543 memoriam
582 503 727 544 vivere
761 508 1032 543 testarentur.
1073 502 1192 552 Quae
1228 511 1369 544 autem
1402 503 1544 545 officia
1577 517 1603 543 a

117 586 183 613 me
215 572 408 627 profecto
466 586 784 624 commemoraS,
832 586 884 614 ea
929 573 1181 614 humanitati
1226 581 1324 615 tuae
1358 574 1529 616 tribuo.
1556 608 1564 616 .
1591 607 1600 616 .

118 643 223 685 ibid.
258 643 383 685 Febr.
418 643 703 685 M.D.XVIH.
737 643 878 697 Agria.

356 777 395 816 p.
430 760 499 805 83.
551 760 720 803 Caelius
759 761 844 802 Cal.
880 761 1093 803 Ludovivo
1126 762 1280 817 Bagmo
1316 762 1357 804 S.

235 856 371 906 Quam
404 856 618 898 fortunate
652 857 744 910 agis
779 858 821 898 in
857 857 1093 907 Pannonia,
1128 858 1183 898 mi
1216 858 1446 906 Lodovice,
1475 872 1601 911 quam

114 927 190 969 tibi
225 926 333 969 bene
368 928 566 969 convenit
598 941 691 969 cum
723 927 953 969 barbaris'.>
987 942 1040 968 an
1066 929 1324 982 elegantiam
1347 935 1463 969 tuam
1485 929 1599 969 illam

114 998 348 1052 pristinam,
382 1012 437 1039 an
470 999 566 1039 illas
599 999 791 1049 delicias,
827 999 980 1052 quibus
1012 1000 1054 1040 in
1088 999 1213 1040 Italia
1246 999 1466 1040 commode
1504 1013 1599 1053 per-

114 1069 313 1110 fruebare
346 1069 401 1110 ad
433 1069 515 1111 hoc
542 1069 739 1120 didicisti,
774 1078 818 1110 ut
842 1069 941 1111 huic
967 1070 1139 1112 vivendi
1172 1070 1320 1123 generi
1348 1076 1433 1111 tam
1456 1070 1598 1122 foede,

114 1145 200 1180 tam
234 1139 419 1190 sordido,
455 1147 541 1181 tam
573 1140 803 1181 inhumano
831 1140 1096 1182 assvescas'?
1130 1147 1174 1181 at
1196 1141 1271 1182 tibi
1301 1141 1356 1181 Di
1383 1142 1601 1183 meliorem

114 1216 312 1252 mentem.
358 1211 465 1251 Nam
498 1219 600 1253 tunc
632 1211 747 1265 apud
780 1225 847 1252 me
880 1211 988 1253 fides
1022 1212 1101 1253 erit
1134 1218 1174 1252 te
1214 1212 1325 1252 hanc
1357 1212 1599 1254 barbariem

113 1281 290 1323 induere
323 1295 463 1333 posse,
498 1296 622 1335 quom
654 1283 831 1323 virtutes
854 1296 1078 1335 moresque
1099 1291 1208 1333 tuos,
1241 1283 1285 1324 id
1306 1290 1371 1324 est
1393 1290 1434 1325 te
1457 1284 1601 1338 ipsum

116 1366 273 1394 exuere
307 1354 479 1407 poteris.
514 1353 632 1394 Bene
655 1354 764 1395 vale.
798 1353 898 1394 Idus
921 1353 1072 1394 Martii.
1106 1354 1425 1396 M.D.X.VIII.
1454 1355 1598 1408 Agria.

368 1496 408 1536 p.
443 1480 514 1524 84.
560 1480 730 1522 Caelius
769 1481 855 1523 Cal.
891 1481 1047 1523 Jacobo
1079 1482 1268 1537 Zieylero
1304 1482 1344 1524 S.

234 1611 240 1618 .
265 1610 274 1618 .
299 1610 305 1616 .
330 1577 395 1618 De
420 1577 758 1630 meteoroscopio
778 1577 919 1617 omnia
941 1577 1111 1629 integra
1127 1577 1283 1618 iudicio
1301 1585 1372 1619 tuo
1390 1578 1598 1631 relinquo,

112 1655 157 1690 ut
189 1649 332 1689 mittas
364 1648 433 1690 vel
465 1654 615 1689 teneas
656 1648 771 1702 apud
804 1655 859 1699 te,
905 1655 950 1689 ut
982 1648 1157 1699 lubebit,
1202 1649 1414 1690 incolume
1461 1649 1599 1690 mitta-

112 1725 273 1761 tur...
309 1719 442 1760 Nonis
479 1719 715 1761 sextilibus.
750 1719 1060 1760 M.D.X.VHI.
1094 1719 1234 1772 Agria.

112 1852 150 1891 p.
174 1836 240 1880 85.
281 1836 451 1879 Caelius
479 1836 565 1879 Cal.
586 1836 954 1879 Reveremltssz'mo
975 1837 1184 1890 Episcopo
1213 1837 1529 1879 Vnaradznensz‘
1552 1838 1596 1880 S.

230 1933 336 1986 Ego,
370 1933 425 1973 mi
459 1933 720 1987 amplissime
754 1933 948 1984 antistes,
987 1933 1048 1973 ita
1081 1932 1348 1974 multitudine
1381 1934 1595 1974 literarum

111 2011 291 2055 tuarum,
324 2004 384 2045 ita
416 2004 711 2057 magnitudine
744 2004 1021 2044 huma-nitatis
1054 2010 1154 2044 tuae
1187 2017 1253 2044 me
1274 2004 1417 2057 urgeri
1443 2004 1596 2056 sentio,

111 2083 157 2117 ut
190 2076 261 2128 qui
293 2075 400 2116 alios
435 2074 660 2116 scribendo
694 2076 865 2116 vincere
900 2075 1074 2125 soleam,
1110 2075 1273 2127 simque
1307 2076 1492 2116 omnium
1521 2076 1596 2117 im-

111 2146 365 2201 pigerrimus
398 2145 453 2187 ad
485 2146 646 2197 literas,
679 2146 763 2186 iam
796 2146 896 2187 mihi
929 2146 1089 2198 aliquot
1122 2151 1264 2199 optem
1293 2159 1596 2196 amanuenses⁷

112 2218 184 2271 qui
205 2217 307 2259 mihi
328 2217 371 2257 in
390 2217 471 2258 1100
495 2216 709 2258 scribendi
733 2217 872 2258 studio
895 2230 1068 2270 operam
1092 2217 1404 2268 commendent,
1426 2217 1596 2271 quando

111 2296 156 2330 tu
188 2296 274 2330 tam
307 2288 566 2340 frequenter,
600 2294 687 2328 tam
720 2287 862 2338 facile,
897 2294 982 2329 tam
1016 2288 1141 2329 docte
1174 2288 1320 2329 literas
1354 2288 1518 2340 scribis,
1551 2295 1598 2328 ut

111 2360 230 2400 multi
262 2359 453 2401 invidere
494 2359 659 2412 possint
702 2359 856 2400 imitari
900 2359 1036 2412 possit
1075 2372 1212 2400 nemo.
1261 2358 1348 2400 Sed
1381 2358 1481 2411 quid
1514 2371 1596 2412 ego

110 2431 257 2471 literas
303 2443 377 2471 eas
423 2428 630 2483 appello?
675 2443 784 2482 quae
818 2443 961 2470 merae
1007 2429 1189 2470 deliciae
1224 2436 1334 2481 sunt,
1367 2429 1410 2470 in
1443 2429 1596 2482 quibus

111 2501 253 2542 omnia
298 2501 554 2541 emblemata
605 2500 840 2551 Musarum,
894 2501 1036 2541 omnia
1086 2500 1326 2541 Gratiarum
1376 2500 1598 2541 narthecia

109 2572 256 2614 relinis
279 2605 286 2612 .
312 2604 319 2612 .
344 2604 351 2611 .
385 2572 510 2625 Legit
537 2572 683 2613 literas
711 2577 806 2612 tuas
830 2571 1140 2612 illustrissimus
1169 2572 1369 2625 princeps
1398 2584 1531 2622 meus,
1554 2578 1596 2611 et

111 2643 282 2696 quidem
327 2656 452 2695 quom
484 2643 594 2684 inter
627 2644 859 2684 secretiora
894 2641 1035 2682 studia
1079 2655 1372 2692 versaremur;
1419 2655 1595 2694 quarum

111 2714 282 2768 genium
315 2713 488 2755 mirifice
523 2713 849 2765 commendavit,
882 2726 986 2767 prae
1018 2726 1064 2753 30
1087 2713 1266 2766 tulitque
1300 2713 1343 2754 in
1375 2720 1416 2754 te
1451 2713 1593 2765 singu-

110 2786 242 2827 larem
288 2786 503 2838 quandam
550 2785 894 2827 benevolentiam
939 2790 980 2825 et
1022 2784 1313 2826 incredibilem
1359 2784 1487 2825 animi
1533 2784 1595 2824 in—

112 2856 367 2899 ductionem.
423 2855 614 2910 Optaret,
660 2857 695 2897 31
742 2870 823 2909 quo
869 2855 993 2897 modo
1037 2855 1080 2897 id
1134 2855 1225 2897 fieri
1274 2862 1423 2909 posset
1474 2855 1595 2896 salva

112 2927 338 2968 autoritate
371 2934 445 2969 tua
477 2933 520 2968 et
550 2928 742 2981 parentis
767 2927 916 2981 gratia,
951 2927 1135 2968 eximere
1164 2939 1215 2967 ex
1237 2927 1343 2980 ipsis
1376 2925 1592 2973 0011001113,

1406 3007 1448 3039 6*
