1898 3278
243 133 310 168 ios

248 276 381 331 gratis
426 275 642 317 confertur
686 273 954 315 beneficium.
1004 274 1124 323 Vale„
1173 280 1214 315 et
1247 286 1328 323 me‚
1374 279 1419 314 ut
1464 274 1740 321 consuevisti,

242 348 393 389 foveas
427 359 645 399 amesque.

528 417 732 459 Isocratis
756 416 904 466 oratio,
929 429 1038 468 quae
1062 416 1281 465 Nicocles
1307 416 1398 457 sive
1420 415 1746 469 Symmachicos

529 489 786 541 inscribitur,
834 501 911 543 per
944 487 1127 529 eundem
1175 487 1429 528 Michaelem
1467 487 1743 528 Chesserium

531 563 665 603 latina
697 561 829 604 facta.

296 833 365 868 Fr.
401 832 676 880 Chrysologi
711 832 766 868 de
801 832 925 868 valle
952 833 1096 869 marie
1130 830 1359 869 tractatus
1393 828 1612 875 specialis
1639 828 1696 865 de

294 897 564 944 linguarum
592 898 787 934 scientie
814 897 1024 935 utilitate
1051 897 1433 943 iucunditateque
1469 894 1696 941 exemplis

676 964 748 999 sat
773 963 987 1010 plurimis
1014 963 1286 999 illustratus.
1307 963 1316 983 ¹

921 1048 995 1084 (fol.
1024 1049 1069 1090 5.)

371 1169 482 1219 Quid
517 1169 569 1211 de
616 1168 789 1210 Simone
824 1169 876 1211 de
911 1169 1036 1210 Buda
1069 1168 1222 1220 dicam,
1269 1169 1340 1220 qui
1388 1167 1619 1220 aliquando
1651 1166 1746 1221 regi

253 1254 328 1281 suo
362 1241 615 1281 Pannoniae
650 1240 928 1283 denuntiatus
963 1255 1015 1282 ex
1048 1241 1188 1294 patria
1221 1253 1299 1281 sua
1332 1239 1430 1281 exul
1463 1239 1517 1280 ad
1542 1238 1745 1280 Sevillam

252 1325 336 1353 non
369 1312 559 1353 ultimam
605 1312 909 1366 Hispaniarum
954 1312 1070 1365 regis
1103 1311 1251 1352 urbem
1291 1310 1548 1365 perveniens
1582 1323 1748 1364 pauper

254 1390 296 1423 et
328 1382 452 1436 inops
499 1383 655 1424 ibidem
702 1383 1027 1424 invictissimam
1073 1382 1266 1424 eiusdem
1306 1382 1430 1434 regni
1473 1381 1745 1423 maiestatem

253 1460 418 1509 septem
464 1454 719 1507 linguarum7
766 1455 851 1495 uti:
902 1453 1018 1503 latie‚
1065 1467 1222 1507 graece
1268 1466 1486 1507 germane,
1533 1452 1744 1506 polonice,

254 1526 428 1578 gallice,
477 1526 682 1579 ungarice
737 1532 779 1566 et
822 1524 1012 1566 thurcice
1060 1524 1256 1566 versibus
1303 1523 1623 1578 elegantissime
1670 1537 1749 1578 per

254 1596 435 1638 eundem
470 1597 718 1650 compositis
753 1610 847 1638 cum
881 1597 1141 1638 adstantium
1175 1597 1454 1639 maximorum
1483 1608 1745 1649 quorumque

251 1668 458 1724 virorum*
482 1669 692 1722 applausu
742 1669 953 1710 salutatus
1000 1676 1079 1720 est,
1126 1682 1308 1721 moxque
1348 1666 1743 1709 munificentissime

252 1753 354 1779 auro
389 1739 587 1791 donatus7
613 1739 667 1781 ad
692 1753 899 1794 praesens
932 1753 1068 1792 usque
1102 1740 1285 1781 feliciter
1317 1740 1359 1780 in
1384 1739 1536 1780 eadem
1568 1738 1747 1792 regione

253 1817 452 1859 moratur,
470 1816 595 1864 prout
610 1810 711 1851 mihi
729 1811 1042 1852 illustrissimus
1065 1811 1127 1852 vir
1146 1810 1394 1864 Stephanus
1419 1810 1472 1851 de
1492 1809 1745 1859 WerbeUCZ‚

253 1882 322 1934 qui
368 1882 462 1935 ipse
507 1895 592 1922 non
639 1883 776 1923 solum
821 1895 983 1923 summe
1032 1881 1222 1923 eruditus
1257 1888 1335 1933 est,
1383 1880 1461 1922 sed
1501 1887 1543 1922 et
1574 1880 1746 1934 linguas

254 1953 398 2006 plures
426 1953 505 1993 uti:
540 1953 699 2003 latiam,
731 1967 933 2007 graecam
961 1966 1210 2007 germanam
1237 1952 1544 2005 ungricamque
1568 1951 1748 1992 fluenter

254 2023 433 2077 perinde
480 2037 530 2065 ac
564 2025 790 2078 eleganter
822 2024 1020 2077 loquitur,
1068 2036 1280 2076 quemque
1320 2036 1456 2076 nuper
1487 2021 1530 2063 in
1564 2022 1746 2064 aedibus

254 2096 484 2149 compatris
531 2102 572 2136 et
616 2095 796 2137 fautoris
829 2096 914 2137 mei
955 2094 1316 2137 honorandissimi
1363 2093 1522 2135 domini
1564 2094 1745 2136 joannis

255 2166 469 2220 Singrenii
503 2167 678 2221 saepius
711 2167 885 2208 videndi
920 2174 961 2208 et
995 2167 1179 2219 colloqui
1212 2166 1384 2207 fortuna
1416 2166 1519 2207 mihi
1553 2165 1744 2218 contigit,

252 2238 407 2289 retulit,
453 2244 681 2292 postquam
728 2238 929 2280 videlicet
972 2238 1125 2279 intenti
1169 2238 1296 2279 huius
1342 2237 1489 2291 scripti
1533 2237 1617 2277 mei
1649 2249 1746 2277 mox

255 2316 454 2351 secutura
488 2310 723 2352 elaboratio
756 2311 798 2351 in
833 2316 1108 2352 antecessum
1142 2309 1196 2351 ab
1231 2310 1380 2351 amicis
1414 2309 1453 2350 ei
1472 2309 1742 2350 innotuisset.

375 2543 384 2562 ¹
412 2544 445 2577 A
472 2544 596 2588 ko'nyv
622 2543 763 2588 vegen:
795 2544 1049 2587 „Imprimebat
1075 2543 1213 2577 Vienne
1240 2544 1389 2578 Austrie
1416 2542 1570 2577 Joannis
1597 2543 1632 2585 (ἱ)
1667 2541 1744 2576 Sin-

254 2603 401 2647 grenius
440 2603 596 2646 propriis
623 2603 810 2647 impensis.
852 2603 959 2636 Anno
999 2603 1078 2636 Dni.
1118 2603 1161 2635 M.
1178 2603 1218 2635 D.
1234 2603 1277 2636 X.
1293 2602 1406 2636 VIII.“
1447 2600 1743 2647 Negyedretben.

253 2663 359 2696 Azon
385 2661 556 2706 peldany,
584 2663 746 2706 melybo'l
772 2662 938 2706 Kemeny
966 2661 1215 2703 (Kalaszatok.
1243 2673 1276 2705 p.
1299 2662 1392 2704 113.)
1418 2662 1515 2695 ko'zli
1543 2672 1563 2695 a
1588 2660 1744 2695 fontebb

255 2721 442 2757 k'ozzetett
486 2721 668 2761 ieszletet,
709 2732 729 2754 a
766 2721 1016 2766 nagy-enyedi
1058 2721 1314 2765 konyvtarban
1344 2720 1452 2754 ido'sb
1491 2720 1595 2754 Pariz
1628 2718 1743 2763 Papai

255 2782 414 2815 Fercncz
441 2782 601 2826 ko‘nyvei
626 2781 756 2816 koz‘ott
782 2791 802 2814 a
829 2781 883 2814 39.
913 2780 1011 2814 szam
1040 2781 1128 2813 alatt
1154 2780 1363 2814 talaltatott.
