1919 3273
1499 117 1568 150 477

85 263 250 299 tantum
283 272 335 299 ex
367 259 433 299 his
467 258 655 309 coluerit,
690 271 795 311 quos
828 258 1029 300 videlicet
1062 259 1117 300 ad
1149 265 1190 301 te
1224 260 1350 310 misit,
1384 259 1571 313 reliquos

86 342 187 370 vero
219 329 472 382 neglexerit,
506 329 561 370 ad
594 343 660 370 me
692 329 885 383 profecto
913 335 1114 382 tanquam
1148 336 1247 371 ante
1281 330 1388 371 alios
1421 344 1571 372 neces-

87 399 242 440 sarium
274 400 459 453 pertinet
492 400 688 441 excolere
721 400 921 453 reliquos.
958 400 1117 442 Omnes
1150 401 1279 454 igitur
1299 401 1424 442 simul
1455 402 1570 443 velut

84 469 128 510 in
161 483 315 523 corpus
338 484 468 511 unum
490 470 689 512 redactos
723 471 779 512 ad
800 471 1037 512 Maiestatis
1058 478 1157 513 tuae
1185 473 1317 513 solem
1340 472 1572 514 mittendos

87 540 341 592 existimavi,
375 547 420 581 ut
452 541 593 581 nullus
627 554 771 582 eorum
794 542 1058 594 relinquatur
1078 542 1298 593 obscurus,
1323 543 1400 584 sed
1423 556 1571 584 omnes

84 612 244 665 pariter
274 611 552 662 illustrentur,
592 612 780 653 Marsilio
813 612 979 653 interim
1014 613 1235 654 consilium
1268 627 1407 654 meum
1440 614 1569 668 potis-

85 682 235 723 simum
253 682 568 736 comprobante.
585 682 870 732 Quamobrem
886 684 1099 724 Marsilius
1117 684 1211 738 ipse
1227 690 1426 737 totusque
1447 685 1570 725 simul

86 753 177 793 eius
202 752 330 794 Valor
351 753 619 794 Maiestatem
643 760 754 794 tuam
781 755 1031 808 suppliciter
1048 762 1181 806 orant,
1202 761 1246 795 ut
1264 755 1399 796 oculis
1420 756 1572 796 saltem

85 823 168 864 tuis
201 823 359 864 liberos
387 824 484 865 olim
508 838 621 875 suos,
654 825 737 864 iam
760 832 856 866 tuos
880 825 1072 877 effectos,
1095 826 1344 866 collustrare
1369 826 1574 879 digneris,

84 900 129 934 ut
162 894 356 935 omnibus
390 894 631 948 providisse
677 895 837 949 pariter
870 895 1091 936 videamur
1136 909 1230 937 cum
1264 896 1432 937 demum
1465 896 1574 949 regii

85 964 327 1018 splendoris
373 966 512 1018 gratia
557 972 733 1007 cunctos
767 966 911 1019 palam
957 967 1207 1020 splendidos
1245 966 1571 1008 reddiderimus.

83 1176 315 1230 Philippus
356 1177 482 1219 Valor
519 1177 633 1219 Ciris
677 1177 961 1220 Florentinns
996 1176 1273 1219 *serenissimo
1311 1176 1574 1219 Pannoniae

128 1248 239 1303 Reyz'
270 1249 463 1290 Matthiae
496 1264 658 1302 semper
692 1249 844 1291 invicto
877 1248 1125 1302 suppliciter
1156 1262 1198 1289 se
1231 1247 1526 1290 commendat}

204 1355 307 1397 Cum
340 1370 477 1410 nuper
509 1356 722 1397 Marsilius
755 1356 928 1397 Ficinus
951 1362 1096 1397 noster
1128 1355 1376 1397 Platonicus
1398 1353 1572 1397 librum2

84 1426 374 1480 Theophrasti
406 1427 473 1468 De
505 1427 658 1467 Anima
688 1427 790 1468 mihi
811 1427 1076 1481 potissimum
1098 1432 1302 1478 tanquam
1336 1426 1458 1467 alteri
1487 1427 1572 1468 cui-

84 1499 181 1540 dam
215 1499 355 1540 animo
390 1512 465 1540 suo
501 1499 701 1540 dedicare
735 1499 1042 1549 constituisset,
1071 1511 1151 1551 ego
1184 1510 1285 1539 vero
1314 1510 1467 1538 munus
1491 1497 1573 1538 hoc

84 1570 185 1611 mihi
216 1570 410 1624 profecto
456 1570 745 1623 gratissimum
781 1570 964 1611 caeteris
1007 1569 1184 1622 insuper
1216 1581 1352 1620 aeque
1387 1581 1438 1609 ac
1469 1568 1572 1609 mihi

84 1647 249 1694 gratum
279 1641 370 1682 fore
390 1641 695 1692 desiderarem,
721 1641 850 1682 statui
873 1641 928 1682 ad
953 1639 1223 1680 Maiestatem
1244 1639 1381 1680 Tuam
1404 1639 1571 1681 mittere

83 1719 211 1766 teque
246 1710 523 1767 suppliciter3
568 1712 808 1763 obsecrare,
843 1718 887 1752 ut
921 1724 1072 1752 sereno
1113 1708 1239 1763 (sicut
1273 1723 1404 1764 saepe
1439 1709 1572 1763 soles)

83 1785 202 1825 vultu
233 1784 316 1825 hoc
339 1796 507 1837 quoque
532 1789 729 1837 spectare
752 1796 836 1824 non
860 1782 1118 1835 dedigneris.
1146 1781 1281 1835 Spero
1305 1781 1435 1822 enin14
1459 1782 1568 1823 sicut

83 1855 285 1896 Phoebus
331 1855 371 1896 et
404 1854 565 1908 Iupiter
609 1854 791 1907 propitio
836 1853 1083 1906 frequenter
1118 1858 1297 1906 aspectu
1330 1853 1569 1894 clarissima

82 1926 333 1967 mortalibus
366 1926 500 1966 multa
531 1925 861 1978 gratissimaque
893 1930 1116 1978 praestare
1150 1924 1302 1974 solent,
1337 1923 1397 1965 sic
1430 1924 1567 1965 Phoe-

83 1997 209 2038 beum
242 1996 490 2049 Ioviumque
523 1997 669 2049 regiae
702 1994 940 2036 maiestatis
972 1995 1133 2036 vultum
1172 2007 1324 2035 munus
1357 1994 1439 2035 hoc
1470 2008 1568 2036 nos-

82 2074 192 2109 trum
237 2074 415 2122 aspectu
461 2080 537 2108 suo
572 2066 713 2108 statim
756 2066 915 2107 clarum
960 2065 1279 2118 gratiosumque
1324 2065 1569 2118 legentibus

84 2139 279 2180 omnibus
322 2138 597 2180 redditurum.
643 2137 875 2178 Marsilium
920 2136 1111 2177 Ficinum
1156 2136 1333 2188 eiusque
1375 2136 1570 2177 Valorem

83 2209 299 2251 Maiestati
331 2210 451 2252 Tuae
486 2209 737 2251 commendo
771 2221 897 2260 quam
930 2208 1166 2261 plurimum.

203 2419 213 2439 ¹
237 2419 325 2455 Cod.
345 2421 514 2454 Laurent.
534 2420 622 2463 plut.
643 2420 711 2460 84„
731 2419 811 2453 cod.
834 2419 899 2459 16„
920 2418 982 2452 fol.
1004 2418 1081 2451 Gssa.
1102 2417 1410 2462 elegantissimus.
1431 2417 1459 2450 E
1479 2415 1561 2451 leve

82 2479 262 2513 Marsilius
286 2480 432 2514 Ficinus
448 2480 724 2523 Theophrastus
742 2478 920 2512 sorditasa
934 2477 1022 2511 elott
1037 2477 1083 2510 all
1105 2476 1371 2519 (Interpretatio
1390 2475 1567 2510 Prisciani

82 2538 175 2583 Lydi
200 2539 237 2572 in
262 2539 553 2582 Theophrastum
579 2539 624 2573 de
651 2548 762 2571 sensu
787 2536 952 2570 traducta
979 2539 1015 2570 et
1041 2535 1206 2578 exposita
1225 2546 1245 2568 a
1262 2534 1420 2569 Marsilio
1438 2535 1564 2568 Ficino

82 2598 326 2640 Florentino),
353 2598 463 2632 utana
489 2597 711 2632 ko‘vetkezik
736 2595 956 2630 Ficinusnak
982 2595 1092 2628 Valor
1110 2594 1299 2637 Fiil'ophoz
1325 2591 1477 2628 intezett
1505 2593 1566 2627 de-

83 2655 267 2701 dicatioja.
306 2657 388 2701 Egy
412 2656 678 2690 wolfenbiitteli
705 2654 1030 2689 Corvin-codexbol
1058 2653 1134 2688 mar
1158 2653 1265 2688 Rumi
1290 2652 1311 2686 i.
1339 2663 1383 2686 m.
1410 2663 1445 2696 p.
1473 2652 1566 2694 212„

83 2716 161 2750 213.
190 2716 337 2751 k'ozo'lte
364 2725 454 2750 ezen
481 2714 761 2759 ajanlo-levelet.

204 2775 216 2793 2
241 2775 346 2809 Mars.
373 2774 519 2808 Ficinus
546 2774 773 2808 Platonicum
799 2773 928 2806 librum
960 2771 1016 2805 W.

204 2832 217 2852 ⁵³
243 2834 430 2878 supliciter
462 2833 516 2867 W.

202 2893 214 2911 ⁴
240 2893 336 2927 enim
362 2892 535 2937 hianyzik
566 2892 710 2927 W—ben.
