1955 3278
1492 116 1560 150 201

92 260 285 302 homines
337 259 480 301 videat
531 258 574 300 in
619 259 735 300 luctu
782 271 1059 312 moeroreque
1106 259 1293 300 versari:
1341 259 1578 314 lachrijmis

91 330 309 372 continere
342 329 514 384 possit?
560 330 649 370 Nos
685 328 889 369 christum
922 329 1039 370 illum
1085 330 1287 383 optimum
1321 330 1576 372 maximum:

92 407 138 442 ut
175 401 406 454 aliquando
438 401 631 442 laborum
666 412 835 440 suorum
868 400 1060 453 praemia
1094 407 1404 453 consequatur:
1441 402 1579 455 preci—

91 471 171 513 bus
204 472 496 525 fatigabimus.
771 492 895 535 Dim·-

538 673 830 720 Baptistae
864 673 1130 710 Guarino:

143 738 380 776 Praefatio
410 739 468 776 ad.
493 738 703 776 libellum
731 739 787 775 de
815 739 975 775 ordine
1004 738 1203 775 docendi
1232 741 1278 776 et
1306 740 1531 777 studendi.

211 827 312 868 Cod.
346 827 440 869 ι1611.
483 826 556 867 fol.
591 825 689 869 336.
749 825 976 867 Guarinus
1020 825 1273 867 Verow'zensis
1318 827 1383 878 (ez
1417 824 1576 881 veros).

92 897 304 939 Guarinus
336 898 524 952 baptiste
559 896 746 939 Guarino
779 897 865 938 filio
888 897 1193 938 iocundissimo
1228 897 1429 939 Salutem.
1465 898 1578 947 Quo-

91 969 208 1010 ciens
242 969 433 1010 nuntium
467 969 519 1010 de
542 974 584 1009 te
608 969 788 1022 accipio,
823 969 981 1010 totiens
1005 982 1114 1010 novo
1140 968 1325 1021 quodam
1348 982 1415 1009 me
1437 968 1577 1010 afficis

90 1039 262 1094 gaudio,
296 1039 406 1080 adeo
440 1046 581 1080 tecum
615 1046 779 1080 certare
813 1038 986 1090 videris⁷
1020 1045 1064 1079 ut
1097 1052 1191 1080 cum
1213 1039 1321 1080 alios
1355 1047 1427 1080 aut
1451 1053 1575 1093 supe-

89 1125 183 1152 rare
217 1117 260 1152 at
293 1124 451 1164 equare
476 1110 667 1161 studeas,
702 1111 924 1163 quiescere
948 1111 1132 1162 nescias,
1166 1110 1248 1152 nisi
1276 1112 1426 1152 melior
1448 1111 1576 1153 hodie

91 1196 216 1236 quam
260 1182 352 1223 heri
396 1182 542 1223 fueras
590 1188 688 1223 ate
734 1182 828 1235 ipso
864 1183 1096 1230 censearis,
1142 1182 1358 1236 preclaras
1397 1183 1578 1224 imitaris

90 1254 278 1304 arbores,
326 1266 408 1306 que
453 1253 664 1307 prioribus
708 1266 844 1294 novas
891 1266 1061 1307 semper
1098 1253 1275 1295 frondes
1308 1254 1501 1295 novellos
1534 1254 1575 1294 in

90 1324 182 1366 dies
216 1323 380 1365 addunt
399 1325 599 1375 ramulos,
633 1324 770 1365 (101166
792 1325 904 1366 letus
929 1331 1161 1378 consurgat
1180 1325 1221 1365 in
1245 1330 1393 1366 aetera
1414 1331 1576 1367 vertex.

89 1396 235 1449 Nuper
267 1396 504 1448 agesilaum
528 1401 643 1436 tuum
677 1409 944 1449 acceperam,
979 1395 1213 1437 studiorum
1246 1403 1409 1436 tuorum
1434 1397 1576 1450 primi—

90 1467 179 1508 cias
212 1466 280 1508 vel
312 1466 461 1520 pocius
496 1466 688 1517 delicias,
723 1472 764 1507 et
788 1466 957 1518 quidem
983 1466 1205 1518 amabiles,
1235 1468 1305 1519 qui
1327 1467 1458 1509 veluti
1482 1481 1577 1521 pro-

90 1551 202 1591 pago
237 1537 448 1590 quaedam
493 1538 580 1578 late
627 1550 806 1591 serpens
839 1544 880 1578 te
914 1539 1053 1591 ipsum
1099 1552 1339 1591 nomenque
1383 1545 1576 1579 nostrum

90 1608 316 1650 hetruscas
350 1608 548 1649 diffundit
581 1608 622 1649 in
657 1622 765 1649 oras.

207 1679 330 1720 Nunc
363 1685 502 1720 autem
548 1680 775 1721 reveniens
809 1693 835 1720 a
867 1686 908 1720 te
942 1680 1173 1721 Leonellus
1206 1680 1340 1721 frater
1378 1680 1577 1722 amabilis

90 1751 248 1792 alteras
294 1751 528 1791 studiorum
572 1757 738 1792 tuorum
789 1752 999 1805 ἁπαρχιὰς
1043 1752 1196 1801 attulit,
1242 1751 1403 1805 ingenii
1441 1752 1501 1792 tui
1535 1757 1577 1792 et

91 1821 347 1863 erudicionis
371 1828 667 1875 argumentum
692 1835 796 1863 sane
821 1822 1080 1863 celebrabile
1104 1822 1336 1863 tenendum
1358 1823 1399 1863 in
1422 1822 1578 1863 studiis

91 1893 280 1934 ordinem
313 1893 662 1934 adolescentibus
707 1894 886 1947 perinde
921 1907 971 1934 ac
1004 1893 1284 1946 germinantis
1316 1893 1578 1935 incunabula

91 1964 314 2018 discipline
359 1964 498 2018 ipsum
544 1970 684 2005 autem
731 1964 830 2005 dum
874 1965 972 2018 lego
1017 1965 1251 2017 relegoque
1298 1978 1382 2005 non
1415 1965 1577 2005 minore

91 2034 378 2076 delectatione
424 2034 589 2076 afficior
628 2048 752 2088 quam
793 2035 1081 2076 admiracione
1124 2036 1194 2074 καὶ
1229 2032 1426 2074 ἀνάπαλιν
1466 2035 1576 2076 adeo

89 2106 288 2147 iuvenilis
337 2106 570 2147 fertilitatis
619 2120 712 2148 cum
763 2106 887 2147 senili
934 2107 1177 2147 maturitate
1227 2106 1447 2148 contendit
1495 2107 1576 2148 stb.

91 2176 245 2218 (1166611
278 2191 304 2218 6
336 2177 512 2218 munkat
544 2176 596 2217 E.
626 2178 710 2218 161ὦ
743 2177 862 2218 XVII
895 2177 1052 2231 Aprilis
1088 2176 1211 2220 1459.

208 2248 281 2290 fol.
309 2248 373 2290 16.
408 2248 603 2302 Baptiste
636 2248 812 2289 Guarini
834 2249 1005 2290 libellus
1037 2249 1092 2289 ad
1115 2249 1302 2290 nobilem
1324 2249 1578 2290 adolescen-

91 2328 176 2362 tem
209 2318 269 2373 (ki
301 2321 553 2372 tanitvanya
579 2317 682 2373 volt)
716 2320 918 2361 Maffeum
953 2318 1211 2361 Gambaram
1246 2319 1298 2361 de
1333 2319 1480 2361 ordine
1505 2319 1577 2360 do-

91 2390 216 2431 cendi
249 2403 299 2431 ac
332 2389 546 2431 studendi.

208 2461 281 2502 fol.
304 2461 363 2503 23·
388 2461 452 2501 Ε6
476 2461 633 2502 etenim
655 2462 810 2515 collegi
834 2475 915 2514 que
934 2474 1018 2502 non
1038 2475 1132 2502 11160
1156 2468 1319 2502 tantum
1337 2461 1493 2503 iudicio
1514 2494 1520 2501 .
1539 2494 1547 2502 .
1568 2495 1576 2503 .

92 2531 169 2573 sed
192 2532 534 2573 doctissimorum
565 2532 692 2574 etiam
716 2534 897 2575 virorum
923 2539 965 2573 et
984 2532 1189 2586 imprimis
1213 2533 1362 2586 optimi
1386 2533 1578 2586 parentis

91 2603 175 2645 mei
208 2603 262 2644 ad
285 2603 550 2657 precipiendi
572 2603 861 2657 studendique
895 2604 1109 2645 racionem
1133 2604 1314 2644 maxime
1337 2603 1578 2645 conducere

91 2674 358 2725 videbantur,
402 2674 547 2727 itaque
581 2688 633 2715 66
664 2676 815 2729 legens
849 2689 932 2716 non
966 2689 1033 2716 me
1074 2674 1151 2716 sed
1183 2675 1321 2728 ipsum
1355 2680 1578 2728 parentem

90 2745 206 2797 loqui
251 2745 527 2786 existimabis.
553 2769 610 2774 —
639 2746 845 2787 Tisztelni
878 2745 965 2787 kell
999 2759 1024 2786 a
1056 2747 1210 2797 tanart,
1248 2758 1266 2786 s
1300 2744 1502 2798 mindjart
1530 2744 1578 2798 jo

90 2815 296 2857 tanarhoz
330 2815 454 2866 adni;
501 2829 526 2856 a
557 2815 691 2857 fiukat
724 2817 843 2858 verni
887 2816 1043 2869 „habet
1077 2816 1230 2858 servile
1265 2815 1490 2869 (1111(1ᾶ6111ιι
1530 2817 1578 2856 66

93 2885 417 2927 elkedvetleniti
446 2900 494 2927 az
523 2887 689 2940 ifJ'akat.
