1919 3273
283 117 352 150 496

284 342 478 384 Adriani
516 340 756 394 IvVolfhardz·
793 339 1088 394 Transylvcmi
1126 338 1423 392 Protrepticon
1462 338 1518 379 (td
1556 337 1780 380 Zibellum.¹

574 485 665 529 Exi,
701 484 814 538 quod
849 484 1033 535 dubitas,
1068 496 1219 524 recens
1252 482 1397 523 libelle

574 558 688 597 Auro
722 556 989 610 nobiliorque
1023 556 1282 609 gratiorque,

575 628 627 668 Et
650 641 756 681 quas
779 628 944 669 concha
964 628 1073 682 parit
1108 627 1284 677 marina,
1319 626 1512 679 gemmis,

574 700 629 739 Et
662 712 769 752 quos
801 699 928 740 litora
961 699 1065 740 dant
1099 699 1193 749 sali,
1228 698 1399 752 lapillis.

576 771 723 825 Nuper
755 771 828 824 qui
859 771 1005 812 fueras
1038 770 1154 811 lacer
1185 770 1373 818 relictus,

578 842 744 883 Fractis
778 843 971 883 cruribus
1006 847 1048 883 et
1080 855 1208 882 manu
1240 847 1414 882 retorta.

578 913 689 953 Dum
723 922 930 967 patronus
963 920 1062 955 avet
1095 919 1193 954 tuus
1228 925 1380 953 sereno

580 984 720 1035 Vulm,
755 985 982 1026 absolvere
1017 985 1220 1026 circulum
1255 983 1470 1025 salubrem

579 1055 822 1098 Paediasve
856 1058 1074 1110 negotium
1109 1056 1298 1097 facessit.

581 1127 692 1177 Quid
706 1127 727 1167 ⁶?
761 1128 891 1169 sodes
924 1128 1026 1169 mihi
1060 1128 1201 1178 dicito,
1236 1126 1351 1168 redis
1386 1125 1494 1167 cur'?

579 1199 772 1240 Poenum
805 1199 1005 1240 cornibus
1038 1213 1092 1239 an
1115 1199 1240 1240 times
1264 1195 1504 1252 gerentes'.>

581 1270 788 1311 Ridentes
824 1269 1017 1311 sciolos?
1050 1270 1300 1311 salariorum

582 1342 692 1382 Num
726 1342 945 1383 scombros
977 1341 1128 1393 olidos,
1162 1342 1232 1383 vel
1253 1338 1520 1382 asteriscos?

582 1414 691 1454 Num
725 1413 852 1454 Momi
884 1414 1079 1455 tetricam
1114 1413 1256 1454 subire
1290 1412 1489 1460 frontem,

583 1486 746 1526 Nasum
778 1485 1077 1533 rhinocerotis,
1113 1498 1167 1525 an
1201 1484 1397 1525 sinistros

584 1555 823 1598 Ronchos‘?
857 1557 958 1610 quid
991 1557 1145 1597 metuis
1179 1556 1318 1596 minus
1342 1555 1511 1608 probati

586 1628 757 1670 Sannas
791 1629 876 1670 oris
910 1635 952 1670 et
984 1629 1148 1670 hancce
1183 1625 1486 1682 apertionem?

586 1700 726 1749 Quum
760 1700 945 1742 caedant
977 1701 1169 1754 pluteum
1202 1706 1302 1740 tuae
1328 1711 1509 1749 sorores,

586 1772 726 1813 Natae
760 1772 929 1825 sintque
964 1771 1185 1813 Cleanthis
1220 1770 1275 1811 ad
1307 1771 1506 1811 lucernas

590 1843 778 1885 Gruarino
813 1843 937 1893 duce,
972 1856 1098 1895 quem
1130 1842 1225 1883 tulit
1260 1840 1415 1883 Catulli

588 1915 710 1956 Vatis
743 1915 896 1969 patria,
931 1914 1188 1967 maximique
1222 1913 1348 1963 Plini,

589 1987 679 2027 Nec
714 1999 868 2028 censor
899 1986 1061 2039 rigidus
1095 1992 1243 2026 notare
1278 1984 1430 2035 stellis,

590 2059 728 2108 Quem
760 2059 909 2100 risisse
942 2071 1091 2112 parum
1124 2057 1280 2104 ferunt,
1316 2061 1508 2097 comesta

593 2130 670 2171 Cui
702 2130 863 2171 ficusve
896 2130 991 2170 tulit
1024 2142 1225 2183 suprema
1256 2128 1360 2177 fata,

593 2202 736 2243 Possit
768 2201 1031 2254 Pegasidum
1064 2201 1199 2241 melos
1234 2212 1379 2240 suave.

593 2274 735 2323 Quare
770 2272 1016 2314 Pannonios
1047 2272 1161 2312 lares
1194 2270 1376 2323 require,

594 2346 677 2395 Qui
708 2349 749 2386 te
783 2345 897 2385 mille
930 2357 1008 2398 per
1041 2343 1331 2384 osculationes

596 2417 717 2458 Ulnis
751 2416 980 2470 accipient,
1016 2420 1058 2455 et
1093 2413 1326 2465 obviisque.

594 2489 800 2529 Porrecta
832 2486 1089 2540 Hesperiam
1121 2485 1261 2526 revise
1294 2484 1447 2525 fronte.

598 2559 632 2600 O
669 2559 836 2600 dulcem
868 2558 1042 2599 nimium
1075 2563 1231 2610 poetae
1266 2556 1494 2596 alumnam.

597 2631 755 2681 Nostri,
790 2629 1020 2670 Parrhasio
1055 2641 1133 2668 sua
1166 2640 1245 2668 axe
1282 2625 1474 2667 Crocam.

599 2702 708 2743 Hinc
742 2707 783 2742 et
814 2700 1029 2742 Phasidos
1063 2699 1254 2740 ultimum
1287 2710 1503 2739 recessum

438 2903 446 2922 ¹
474 2903 581 2936 Ianus
610 2900 817 2935 Pannonius
846 2899 1003 2933 1512-iki
1029 2897 1131 2932 bet-si
1158 2897 1311 2931 kiadasa
1338 2894 1498 2939 elejero'l.
