1919 3273
1493 138 1563 171 399

81 278 152 319 Ad
179 277 359 320 eundem
388 277 532 319 divum
560 276 857 318 Vuladz‘slaum
889 277 1119 332 Hunqarie
1147 283 1184 320 et
1206 278 1405 330 Bohemz‘e
1425 294 1560 335 reyem

73 347 199 402 pium
230 347 416 400 foelicem
448 353 486 390 et
518 362 680 401 semper
710 347 926 400 invictum,
962 349 1074 401 quod
1104 363 1191 391 non
1228 350 1372 392 timeat
1404 351 1453 392 de
1485 350 1564 392 im-

446 418 700 460 mortalitate
732 433 818 471 qua
843 423 1048 471 perpetuo
1080 420 1199 462 vivet.

230 513 476 555 Vuladislae
510 512 671 554 times?
704 513 863 554 nullum
896 514 1093 555 moriture
1126 529 1203 569 per
1235 528 1401 557 aevum.

289 584 505 626 Clamatur
535 584 682 638 patulo
715 597 872 625 nomen
903 585 945 625 in
978 585 1079 626 orbe
1112 592 1243 627 tuum.

227 655 336 696 Hinc
368 661 442 696 tua
474 655 706 709 posteritas
739 655 906 696 attollet
938 656 1075 709 prelia
1107 663 1231 710 gesta

289 726 511 776 Continuo,
547 732 588 767 et
621 726 729 767 tanti
760 726 966 780 principis
1000 733 1097 768 acta
1128 728 1281 769 ferent.

151 807 172 841 5
227 798 310 839 Per
341 803 383 838 te
415 797 584 839 venturi
616 798 789 851 capient
822 798 1019 851 exempla
1052 805 1260 853 nepotes;

288 868 525 921 Castraque
558 869 721 910 victrici
753 868 924 910 vincere
958 869 1091 910 Marte
1126 870 1274 911 scient.

80 1046 151 1087 Ad
173 1046 352 1088 eundem
376 1046 520 1087 dimam
550 1045 847 1087 Vuladzssslaum
869 1046 1098 1101 Hunyarojag
1129 1051 1165 1088 et
1187 1047 1385 1097 Bolzemff
1408 1047 1568 1101 Reyem

80 1116 410 1169 serenissimum,
447 1131 568 1170 quem
589 1121 716 1169 poeta
737 1121 869 1171 rogat7
904 1122 951 1158 ut
981 1116 1085 1158 bella
1104 1122 1264 1159 moveat
1286 1117 1333 1159 in
1362 1118 1564 1172 threhos,

80 1192 221 1230 nostre
252 1187 353 1239 fidei
383 1188 562 1240 rebelles,
588 1187 792 1240 quoniam
816 1188 960 1230 omma
983 1187 1101 1230 bom's
1123 1189 1328 1242 auspiciis
1348 1195 1565 1244 gerentur.

228 1283 447 1324 Pannonis
480 1297 554 1325 ora
586 1290 740 1337 patens
775 1297 847 1325 cur
878 1298 954 1338 pro
986 1290 1028 1326 te
1062 1285 1253 1339 principe
1277 1285 1423 1326 tardas

288 1354 434 1395 Thura
466 1353 605 1395 dare?
639 1360 680 1395 et
714 1355 847 1396 sacris
882 1361 980 1396 exta
1011 1355 1133 1397 litare
1166 1356 1286 1398 focis.

228 1425 387 1467 Iuravit
418 1439 555 1479 nuper
586 1425 786 1479 princeps
818 1439 895 1480 per
926 1426 1102 1479 virginis
1136 1440 1246 1478 aras,

289 1497 418 1537 Arma
450 1510 527 1551 per
558 1497 738 1538 hostiles
771 1496 883 1538 ferre
917 1503 1093 1538 cruenta
1125 1498 1252 1539 viros.

155 1578 174 1611 5
230 1567 445 1609 Hannibal
478 1574 520 1609 et
551 1567 716 1609 iuvenis
749 1581 898 1609 manes
929 1574 1111 1609 testatus
1143 1569 1271 1622 Elyse

289 1639 584 1681 Inconiuratos
618 1652 784 1680 sumere
819 1639 905 1680 tela
936 1639 1146 1693 Phryges.

230 1710 299 1752 Nil
330 1710 407 1752 tibi
440 1709 611 1751 deficiet
642 1709 849 1764 Princeps
881 1710 1112 1751 fortissime
1145 1711 1323 1764 Regum,

289 1781 417 1835 Virgo
451 1781 589 1822 aderit
622 1781 758 1834 ceptis
790 1781 1045 1822 intemerata
1077 1781 1174 1822 tuis.

229 1852 318 1893 Iam
352 1851 486 1893 debes
517 1851 724 1905 Princeps
756 1852 799 1892 in
832 1851 1026 1893 Turchos
1059 1852 1173 1893 bella
1205 1866 1375 1894 movere

131 1934 174 1968 10
291 1923 515 1977 Supplicat
547 1923 628 1964 hoc
661 1923 770 1964 votis
804 1936 898 1964 cum
931 1924 1128 1976 preciosa
1159 1923 1280 1965 fides.

232 1994 343 2044 Quid
364 1994 441 2036 tibi
465 2000 615 2036 sancta
634 1993 742 2036 fides
765 1992 1003 2048 promittit‘.>
1032 1994 1214 2035 habebis
1235 1994 1434 2045 honores,

290 2067 376 2108 Ibis
411 2073 452 2107 et
483 2067 526 2107 in
559 2066 694 2107 niveis
728 2066 809 2107 hoc
841 2065 918 2106 tibi
950 2065 1133 2118 spondet
1167 2067 1300 2118 equis.

230 2137 335 2179 Inde
370 2138 624 2179 cathenatas
656 2143 754 2190 post
787 2149 953 2177 currum
985 2135 1162 2177 tendere
1195 2142 1355 2177 turmas

292 2208 460 2260 Cernet7
494 2209 539 2249 Io
573 2214 776 2261 quantum
810 2220 917 2259 gens
951 2206 1069 2247 dabit
1102 2212 1227 2247 aucta
1261 2207 1349 2248 tibi.

86 2386 156 2427 Ad
178 2386 356 2427 eundem
384 2385 528 2427 clivam
558 2384 853 2426 Vzaladislazmz
883 2383 1113 2437 Hunyarie
1135 2387 1172 2425 et
1192 2383 1390 2425 Bohemie
1411 2383 1566 2438 Reyem

80 2456 483 2510 prestantissimmz,
503 2455 786 2508 animatumque
804 2454 1074 2509 epiyravzma,
1095 2468 1175 2506 quo
1185 2458 1312 2507 poeta
1326 2454 1570 2495 admiratur

88 2529 136 2570 de
153 2528 243 2570 ems
252 2542 440 2581 persona
459 2527 508 2569 in
525 2541 642 2581 equo,
667 2541 761 2568 cum
781 2526 909 2567 multe
927 2529 1072 2580 pentes
1094 2525 1151 2565 ad
1173 2539 1267 2566 eum
1290 2525 1567 2577 spectandum

587 2611 833 2640 concurrere
852 2596 1063 2638 studeant.

235 2694 440 2736 Castoreo
473 2694 687 2748 presignis
721 2706 830 2745 equo
865 2692 964 2733 dum
998 2691 1165 2732 moenia
1197 2691 1349 2732 lustrat

293 2766 513 2819 Princeps,
548 2772 589 2806 et
621 2764 742 2812 Bude
776 2769 909 2805 strata
941 2762 1085 2803 videre
1117 2762 1247 2803 iuvat.

237 2836 505 2878 Conveniunt
538 2842 690 2889 gentes
723 2835 778 2875 ad
810 2834 916 2875 tanti
949 2833 1138 2887 corporis
1170 2833 1375 2883 umbram,

292 2906 622 2959 Extenduntque
656 2919 806 2947 manus
840 2905 894 2946 ad
928 2917 1005 2946 sua
1038 2904 1227 2945 membra
1259 2917 1399 2945 nurus.
