1919 3273
1449 95 1519 128 395

186 234 296 275 Num
317 233 420 287 quid
441 234 637 288 plaustra
658 234 820 276 vehunt
842 234 1002 288 placidi
1023 235 1256 277 Tithonida
1279 235 1402 290 signi,

244 304 330 346 Vos
363 305 488 353 mesti
519 318 637 346 rores
670 304 838 359 prodite
873 318 1007 358 queso
1041 306 1153 347 mihi.

185 375 231 417 Si
263 389 422 427 verum,
457 388 531 416 cur
562 375 658 429 ipsa
688 380 807 416 tenet
839 376 994 416 Titana
1026 377 1267 430 micantem,

242 446 355 487 Ecce
387 446 535 488 volunt
566 446 732 487 Phoebi
762 446 886 487 frena
918 447 1092 489 nitentis
1126 449 1236 502 equi.

86 528 129 561 15
186 517 232 559 Si
264 516 390 558 modo
423 516 628 558 deficiunt
660 518 817 571 poterit
851 518 1111 571 subiungere
1144 533 1281 572 curru,

244 588 456 641 Cyllaron,
489 588 582 641 ipse
616 588 756 629 libens
790 601 921 629 aurea
954 588 1067 630 dona
1099 591 1252 633 trahet.

182 659 271 700 Iam
303 672 488 713 propera
521 659 738 700 celerante
772 659 841 700 die
874 673 959 700 nox
992 666 1085 701 atra
1116 662 1286 714 recede,

242 729 386 771 Tarda
417 730 558 771 locum
590 730 717 771 rutilo
751 730 907 783 sydera
939 731 1048 772 ferte
1082 732 1176 773 deo.

183 800 217 842 O
252 814 379 853 quam
411 800 525 841 festa
557 799 649 841 dies
682 801 871 842 venienti
902 801 1094 856 principe
1127 803 1182 844 ad
1215 804 1362 845 urbem

82 882 127 916 20
243 871 348 913 Cras
382 871 461 912 erit
491 871 534 912 in
570 872 757 925 speculis
790 872 892 913 urbs
925 872 1129 926 opulenta
1160 881 1267 915 ruet.

182 943 272 984 Hos
304 942 457 984 iterum
491 948 667 996 cuperet
699 942 936 996 Phlegreos
970 957 1127 998 pompa
1146 945 1383 999 triumphos

241 1013 330 1055 Ista
363 1019 404 1054 et
436 1012 678 1053 Erithreum
713 1014 896 1054 maxima
927 1013 1099 1056 Bacche
1133 1015 1277 1057 decus.

183 1085 332 1126 Ferret
362 1083 687 1138 Hyperboream
720 1085 879 1137 pariter
912 1098 1170 1127 concernere
1202 1087 1364 1128 laurum

242 1156 452 1209 Purpura,
486 1160 528 1196 et
560 1154 696 1208 Eoum
730 1154 861 1208 digna
892 1155 1037 1197 videre
1070 1157 1183 1197 latus

83 1238 128 1271 25
185 1226 369 1269 Deficiet
400 1226 554 1269 validis
589 1240 669 1268 nec
701 1232 743 1268 te
776 1227 975 1268 veniente
1009 1227 1211 1268 Bohemis

241 1298 377 1340 Nocte
410 1298 511 1339 licet
544 1298 693 1340 venias
725 1298 818 1339 Rex
850 1297 1095 1339 venerande
1129 1298 1232 1340 dies.

34 1557 107 1599 Ad
151 1558 331 1600 eundem
375 1557 519 1600 divum
560 1558 860 1600 Vuladislaum
903 1558 1061 1613 Reyem
1098 1557 1430 1610 Illumfieentz'SS.
1473 1558 1522 1600 de

34 1627 222 1671 convivio
256 1628 453 1671 celebrato
485 1629 609 1671 Bude
648 1634 747 1682 post
780 1628 995 1671 victoriam
1028 1629 1332 1671 Pannom‘cam
1365 1628 1520 1672 devicto

583 1726 585 1728 -
616 1698 938 1742 Maaeimilia‘no.

181 1831 320 1872 Lauta
351 1831 452 1873 licet
482 1844 713 1872 memorem
747 1830 944 1872 convivia
977 1831 1153 1883 grandis
1185 1831 1313 1884 Elyse

241 1902 449 1943 Traddita
470 1900 513 1956 (1)
547 1902 785 1956 Pergameo
818 1902 973 1956 pocula
1005 1907 1129 1955 grata
1161 1901 1272 1953 duci,

182 1972 447 2026 Alcynoique
471 1973 608 2027 dapes
632 1979 870 2014 monstrant
891 1986 988 2014 mea
1010 1973 1175 2026 plectra
1198 1972 1421 2026 superbas,

240 2043 438 2097 Aequore
472 2058 580 2097 quas
614 2044 729 2085 lento
764 2044 944 2097 sumpsit
977 2043 1113 2084 Ulixis
1147 2043 1270 2084 edaX.

106 2125 126 2158 5
184 2115 347 2168 Velque
380 2121 476 2157 tuos
509 2115 682 2157 laudem
715 2128 862 2156 mense
897 2114 1151 2156 Germanice
1183 2114 1321 2165 luxus,

240 2186 324 2227 Aut
357 2187 508 2241 epulas
541 2187 685 2239 ilares,
720 2186 985 2238 deliciasque
1018 2185 1143 2227 Iovis.

183 2257 262 2298 Vel
294 2270 401 2310 quas
432 2257 666 2298 Hannibali
698 2270 837 2298 rerum
871 2256 942 2308 qui
974 2255 1160 2310 perdidit
1192 2269 1309 2297 arma

242 2329 375 2370 Terra
409 2328 528 2370 dedit
561 2328 703 2382 prisco
737 2327 907 2369 nomine
942 2326 1055 2368 dicta
1090 2327 1243 2381 Capys.

183 2400 442 2442 Umbrarunt
473 2404 644 2441 veteres
678 2411 851 2439 mensas
884 2411 996 2439 nova
1028 2395 1198 2451 gaudia
1222 2409 1344 2445 cene⁴

83 2480 126 2514 10
243 2470 324 2520 Qui
355 2476 487 2522 tenet,
523 2484 548 2512 a
582 2483 739 2523 magno
773 2483 927 2510 nomen
961 2474 1004 2510 et
1036 2482 1155 2510 arma
1187 2468 1296 2510 duce

183 2541 325 2583 Nectit
358 2541 561 2583 odoratas
596 2542 757 2595 pariter
789 2554 885 2582 mea
916 2540 1093 2581 Mantua
1124 2540 1283 2591 laurus,

241 2612 295 2653 Et
327 2612 482 2667 probat
516 2612 706 2653 illustres
737 2612 829 2653 Rex
862 2610 1121 2652 celebrande
1155 2609 1305 2664 dapes.
