1898 3278
245 137 290 168 64

245 279 521 320 ambitionem
553 277 695 319 reiicis
730 277 1016 319 anhelantem.
1049 278 1353 333 Deprehendis
1377 285 1492 321 artes
1514 279 1731 321 hominum

246 349 617 403 deprehensisque
663 348 875 390 subrides.
927 349 990 390 Ad
1035 349 1144 390 haec
1190 349 1300 391 inter
1345 363 1493 391 omnes
1530 363 1733 404 proceres

246 433 433 461 amorem
467 419 823 473 concordiamque
858 420 1130 471 disseminas,
1165 434 1249 461 non
1273 428 1417 462 mutua
1449 421 1585 463 refers
1619 420 1731 473 odia,

246 491 323 532 sed
357 490 605 532 exulcerata
637 503 762 532 curas
796 498 1000 545 pectora,
1035 491 1147 544 quod
1181 492 1374 545 plerique
1408 492 1638 546 principes,
1662 492 1734 545 qui

245 562 414 616 tyranni
457 562 599 615 potius
645 575 770 614 quam
815 575 942 615 reges
985 562 1234 616 appellandi
1269 569 1379 614 sunt,
1427 569 1472 604 ut
1503 563 1615 604 inter
1647 562 1732 604 dis—

246 633 398 674 cordes
444 639 487 674 et
518 632 702 673 infectos
735 646 936 686 proceres
970 633 1139 675 facilius
1174 634 1449 688 imperarent,
1496 647 1601 676 sane
1635 648 1732 676 con·

245 712 472 758 tempsere.
521 704 632 744 Dum
679 704 761 745 hac
806 703 893 745 fida
937 704 1069 745 uteris
1114 706 1421 756 taciturnitate,
1467 719 1577 758 quae
1617 712 1734 748 certo

245 783 427 830 paterna
459 775 544 816 dici
576 781 732 829 potest,
775 775 1022 828 exploratas
1054 775 1131 817 tibi
1163 776 1346 817 omnium
1381 783 1549 818 mentes
1582 776 1732 819 habes.

246 848 357 888 Dum
391 847 658 889 reconditum
691 853 807 887 tuum
843 853 884 887 et
917 847 1129 888 occultum
1163 860 1333 901 semper
1364 848 1500 889 habes
1533 849 1732 895 animum,

247 925 519 971 mentemque
565 917 761 958 omnibus
807 917 1064 970 abstrusam,
1111 931 1205 959 cum
1250 919 1355 959 mira
1393 919 1604 972 gravitate
1637 932 1734 961 con-

245 990 448 1040 iunctam,
482 989 678 1030 nimirum
711 1001 835 1029 nemo
867 994 946 1038 est,
981 988 1053 1041 qui
1081 988 1323 1042 sapientiae
1345 997 1445 1030 tuae
1466 989 1734 1031 altitudinem

246 1061 500 1116 expiscetur.
534 1060 732 1102 Accessit
766 1060 820 1101 ad
854 1059 964 1101 haec
997 1059 1226 1101 clementia
1272 1059 1502 1113 singularis
1536 1074 1586 1102 ac
1619 1074 1735 1102 man-

246 1132 428 1174 suetudo
461 1132 629 1185 ingens,
676 1145 760 1185 qua
794 1145 955 1183 omnes,
1002 1131 1073 1184 qui
1107 1145 1133 1172 a
1165 1138 1238 1172 tua
1270 1130 1355 1173 fide
1394 1131 1658 1183 defecerant,
1693 1141 1735 1174 et

246 1204 317 1256 qui
350 1203 693 1244 adversariorum
726 1209 873 1256 partes
908 1203 1077 1255 sequuti
1101 1209 1212 1253 sunt,
1246 1202 1362 1243 haud
1385 1202 1615 1244 difficulter
1637 1211 1736 1245 sunt

245 1274 497 1328 impunitate
533 1274 688 1315 donati.
736 1274 799 1314 Ex
833 1286 915 1326 quo
948 1273 1107 1314 factum
1149 1280 1227 1322 est,
1262 1280 1306 1314 ut
1339 1274 1448 1315 haec
1480 1274 1736 1328 pientissimi

245 1352 449 1399 tanquam
484 1346 616 1399 patris
649 1344 920 1397 indulgentia
943 1358 1090 1386 omnes
1112 1344 1193 1386 sibi
1217 1345 1508 1387 conciliaverit
1528 1346 1735 1398 inimicos,

246 1431 331 1470 qua
363 1417 535 1469 quidem
567 1416 851 1469 indulgentia,
884 1417 919 1456 si
943 1415 1036 1468 quis
1059 1415 1324 1469 inposterum
1348 1415 1561 1468 abutatur,
1585 1416 1621 1458 is
1641 1430 1735 1471 pro-

246 1489 360 1530 fecto
393 1502 446 1530 ne
480 1494 567 1529 tam
600 1487 708 1537 aliis,
746 1500 874 1540 quam
908 1487 989 1528 sibi
1021 1486 1190 1541 parabit
1226 1487 1451 1528 interitum.
1500 1488 1577 1528 His
1609 1487 1738 1541 igitur

246 1561 423 1611 artibus,
447 1560 655 1613 Princeps
687 1559 974 1605 serenissime,
1007 1564 1279 1599 aestuantem
1313 1558 1547 1611 Ungariam
1570 1559 1738 1612 pacasti

247 1638 289 1673 et
321 1632 477 1685 longae
500 1631 654 1683 quietis
680 1629 961 1671 fundamenta
984 1629 1134 1681 iecisti,
1169 1630 1351 1670 Numam
1371 1629 1626 1683 Pompilium
1646 1630 1736 1671 imi-

246 1710 361 1745 tatus
397 1735 404 1743 .
439 1736 445 1742 .
481 1736 489 1744 .
528 1702 700 1743 Nemini
730 1701 891 1742 bellum
936 1707 1237 1755 praeterquam
1283 1701 1435 1742 Turcis
1478 1701 1737 1743 immanibus

246 1774 450 1825 indixisti,
485 1773 738 1826 quibuscum
771 1779 980 1826 perpetuo
1015 1771 1217 1813 dimicare
1252 1771 1493 1813 decrevisti.
1534 1772 1597 1813 Ne
1631 1773 1738 1813 satis

247 1846 418 1899 quidem
447 1845 588 1886 adhuc
616 1851 714 1885 tuae
742 1843 915 1897 pietatis
944 1842 1087 1884 officio
1115 1843 1276 1883 factum
1306 1855 1404 1884 esse
1425 1843 1626 1897 putabaS,
1655 1843 1738 1884 nisi

246 1918 299 1959 de
334 1917 510 1958 mortuis
555 1929 640 1957 non
675 1928 801 1957 secus
835 1929 885 1956 ac
919 1914 972 1955 de
1005 1914 1112 1955 vivis
1159 1913 1401 1955 hominibus
1435 1914 1546 1955 bene
1586 1915 1738 1955 mereri

244 1989 454 2040 viderere,
474 1988 560 2029 divi
582 1987 776 2028 Platonis
800 1986 943 2027 verbis
965 1985 1222 2037 admonitus,
1245 1985 1315 2038 qui
1339 1985 1374 2026 si
1395 1985 1482 2026 vita
1506 1984 1735 2038 defunctis,

244 2061 393 2113 inquit,
426 2073 479 2101 ex
500 2059 649 2100 inferis
672 2057 811 2099 redire
835 2058 996 2108 liceret,
1020 2057 1138 2098 nulla
1160 2057 1353 2110 profecto
1373 2069 1418 2097 re
1439 2057 1524 2097 alia
1546 2056 1736 2108 mallent,

246 2146 372 2185 quam
395 2138 452 2182 ut,
478 2131 514 2172 si
536 2131 695 2171 bonum
718 2129 829 2170 inter
850 2129 970 2170 vivos
998 2142 1153 2169 nomen
1181 2127 1405 2178 haberent,
1439 2127 1591 2168 melius
1611 2141 1735 2181 prae-

246 2211 422 2254 starent,
458 2203 521 2243 sin
555 2215 656 2243 vero
687 2201 859 2251 malum,
893 2201 1066 2241 mutatis
1099 2199 1286 2240 moribus
1320 2199 1476 2240 bonum
1499 2198 1734 2240 efficerent.

248 2275 439 2317 Servatis
473 2273 646 2315 ditionis
679 2278 779 2313 tuae
806 2272 991 2325 populis,
1020 2271 1091 2324 qui
1120 2283 1232 2311 nunc
1258 2270 1419 2321 vivunt,
1454 2269 1509 2310 ad
1543 2269 1735 2322 antiquo-

245 2360 334 2387 rum
370 2345 618 2387 memoriam
650 2343 878 2394 revocasti,
914 2343 1194 2394 effecistique,
1230 2351 1273 2381 ut
1304 2354 1397 2382 cum
1421 2340 1488 2381 his
1510 2340 1571 2381 illi
1598 2353 1735 2392 aeque

246 2419 451 2467 viverent,
477 2417 576 2469 quin
601 2416 729 2456 etiam
752 2422 962 2469 perpetua
983 2414 1071 2455 vita
1094 2413 1355 2466 fugerentur.
1384 2412 1492 2452 Nam
1518 2411 1735 2453 Unnoruni

246 2489 492 2539 Historiam,
522 2487 592 2540 qui
614 2487 883 2540 Ungarorum
903 2485 1023 2527 fuere
1050 2484 1363 2539 progenitores,
1388 2496 1413 2524 a
1433 2482 1598 2523 Mathia
1615 2482 1736 2535 Rege

246 2560 349 2602 mihi
382 2560 627 2612 delegatam
662 2565 703 2599 et
737 2558 863 2611 paulo
899 2564 997 2597 ante
1032 2556 1122 2597 eius
1157 2556 1317 2596 obitum
1351 2555 1513 2605 initam,
1560 2560 1605 2594 ut
1637 2566 1735 2594 con-

248 2632 492 2681 scriberem,
539 2631 593 2671 ab
627 2630 876 2682 origineque
922 2627 1067 2668 mundi
1112 2626 1166 2667 ad
1200 2626 1308 2667 haec
1346 2638 1481 2677 usque
1527 2630 1734 2678 tempora,

248 2715 530 2755 quaecunque
563 2707 798 2741 memoratu
834 2699 965 2753 digna
1004 2699 1289 2739 intercessere
1328 2695 1556 2737 memoriae
1595 2695 1735 2736 trade-

248 2787 349 2822 rem,
383 2774 503 2813 iussu
524 2778 595 2813 tuo
618 2772 779 2812 factum
805 2778 880 2812 est.
917 2769 1068 2811 Omnia
1091 2769 1218 2810 facile
1242 2768 1465 2809 interitura
1484 2766 1733 2820 reputabas,

248 2844 452 2895 occludis,
498 2856 581 2884 non
628 2842 767 2883 credis
814 2842 1039 2894 quicquam
1084 2847 1258 2886 temere,
1304 2839 1437 2880 multa
1475 2836 1732 2881 dissimulas,

250 2915 511 2956 dissidentes
535 2914 755 2967 componis
780 2912 957 2960 animos,
981 2910 1283 2965 inexplebilem
1304 2909 1526 2950 avaritiam
1545 2920 1733 2957 coerces,
