1919 3273
1510 120 1579 154 463

139 344 210 386 Ad
241 344 517 401 maqnificnm
550 345 607 387 D.
647 344 875 400 Georgium
909 344 1111 387 Silesium
1141 345 1252 401 'regis
1284 345 1545 388 Pannoniae

752 415 930 458 seeretis.

248 534 369 584 Quae
402 534 545 588 pueris
579 534 756 575 eaedem
790 533 972 584 fuerant,
1007 534 1177 576 diversa
1210 534 1368 588 Georgi

304 605 428 646 Nune
461 604 603 645 studia
634 605 677 645 in
710 605 875 656 melius,
911 604 981 657 dii,
1015 606 1252 658 meliusque
1286 605 1440 647 ferunt.

248 675 303 716 Ut
334 689 484 728 regum
517 675 750 716 adsuesses
783 675 906 717 audis
939 676 1016 717 tibi
1047 676 1238 730 Iuppiter
1269 676 1435 717 author.

305 746 373 787 Me
408 746 549 787 colere
582 746 793 787 Aonidum
824 746 949 787 iussit
981 747 1133 800 Apollo
1167 760 1330 789 nemus

247 817 312 857 Tu
344 817 453 858 facis
487 816 666 858 eximie:
700 822 853 858 tenues
887 830 967 870 ego
1002 818 1200 858 carminis
1233 831 1354 860 orsus

309 887 473 940 Cogito,
506 893 552 928 tu
584 888 728 929 sulcas
761 901 962 941 aequora,
995 888 1114 929 littus
1147 902 1241 942 ego.

249 957 369 1007 Quae
392 971 460 999 me
484 971 662 1011 eumque
686 964 863 1012 premet,
888 971 997 1011 quae
1020 965 1062 1000 te
1085 959 1256 1000 fortuna
1278 960 1436 1003 beabit.

308 1028 504 1070 Conditio
539 1029 686 1083 dispar
717 1035 864 1070 nostra
897 1030 963 1082 sit,
998 1043 1161 1083 aequus
1194 1044 1322 1072 amor.

102 1310 394 1354 Reverendiss.
429 1316 467 1353 et
495 1310 694 1365 Ampliss.
725 1311 907 1354 Domini
934 1313 990 1354 D.
1012 1312 1212 1355 Ladiszaoj
1242 1313 1419 1356 Saleani
1438 1314 1589 1357 Archi-

101 1381 284 1435 episeopz'
307 1381 614 1437 Striyom'enszis
640 1383 697 1424 ad
720 1383 1046 1425 Serenissz'mam
1074 1384 1132 1427 D.
1156 1384 1348 1426 Mariam
1373 1385 1587 1440 Reyz'nam

443 1453 616 1495 Panno.
651 1453 946 1506 extemporalis
979 1454 1247 1496 consolati0.1

251 1573 457 1626 Hungara
488 1573 680 1626 Reginae
712 1573 865 1614 Danae
898 1574 1064 1627 Regina
1097 1581 1295 1628 parentat

310 1643 482 1685 Amissa
514 1644 731 1685 lachrimis
764 1644 893 1698 plena
927 1658 1070 1686 sorore
1104 1658 1234 1686 soror.

254 1713 337 1754 Cur
369 1715 508 1768 ploret
541 1728 624 1755 non
659 1721 738 1763 est,
772 1715 860 1756 vita
892 1715 1142 1756 clementior
1173 1715 1234 1756 illi

310 1785 424 1827 Mors
453 1785 556 1836 fuit3
591 1785 702 1826 haec
724 1786 877 1839 rapuit,
902 1785 1015 1838 quod
1037 1785 1153 1827 dedit
1175 1786 1249 1827 illa
1270 1787 1440 1829 malum.

105 2067 314 2110 Eiusdem
348 2069 398 2110 de
422 2068 593 2122 feliciss.
620 2068 825 2122 pauperie
856 2068 1161 2111 Sereni-ssimae
1186 2068 1401 2112 Dominae
1427 2070 1587 2123 Bonae,

627 2139 821 2195 Reqz'nae
853 2139 1070 2181 Poloniae.

255 2258 375 2308 Quae
408 2259 530 2300 Bona
563 2259 677 2301 dicta
709 2258 788 2299 fuit
820 2272 931 2299 nune
957 2272 1103 2312 regem
1131 2259 1258 2300 enixa
1276 2259 1450 2300 Polonis

314 2328 484 2384 Optima
516 2330 632 2372 felici
662 2330 780 2371 faeta
812 2330 1038 2383 puerperio
1072 2335 1148 2371 est.

230 2611 240 2630 ¹
267 2612 317 2645 Ez
338 2610 378 2646 es
399 2622 441 2646 az
459 2612 570 2646 utana
591 2611 797 2646 kevetkeze'
817 2611 1039 2654 epigramma
1066 2610 1216 2644 Ursinus
1235 2610 1359 2644 Velius
1379 2610 1593 2654 Gasparnak

108 2670 184 2704 mar
210 2671 364 2705 emlitett
390 2670 632 2715 Naeniajabdl
659 2671 775 2712 (1526)
804 2680 873 2703 van
899 2667 1000 2703 veve.
1041 2662 1127 2714 Ujra
1154 2669 1279 2702 kiadta
1316 2669 1439 2711 Denis‚
1466 2669 1592 2704 Wiens

108 2729 581 2775 Buehdruekergeschiohte
609 2728 649 2763 e's
678 2728 856 2773 Kemeiny,
882 2728 1108 2762 Kalaszatok
1133 2739 1167 2772 p.
1195 2729 1250 2762 72.
