1919 3273
1463 94 1534 128 365

266 236 354 277 Iam
386 237 484 278 veni
517 236 651 278 sensit
682 237 845 277 Boreas
877 236 1114 291 triumphos

337 308 548 361 Aphricus
580 307 697 349 novit
730 307 862 348 decus
902 314 1029 361 atque
1062 314 1249 350 vestrum

136 389 179 423 35
335 378 552 420 Inminens
584 384 715 431 ponto
748 378 893 419 titulos
927 391 1103 420 serenos

394 450 449 491 Et
480 454 606 490 notus
638 449 803 490 Auster.

265 531 451 573 Desides
484 531 645 573 Caesar
678 531 769 572 sine
802 537 844 572 te
876 532 1023 583 Poete,

334 603 555 656 Pauperes
588 608 736 643 extant
769 603 860 644 sine
893 608 935 643 te
969 616 1137 645 sorores

333 674 429 716 Non
462 687 622 724 sumus,
654 674 800 727 largus
832 674 949 715 venit
982 687 1082 716 ecce
1117 674 1279 716 Caesar

134 754 180 789 40
394 744 514 786 Alter
545 744 712 798 Apollo.

266 827 410 870 Stabis
441 827 484 869 in
516 828 689 881 longum
722 841 932 881 generose
965 828 1186 884 Princeps,

254 954 257 959 Ι
332 899 397 940 Tu
428 898 536 940 meis
567 899 688 940 vives
721 899 906 940 numeris
938 900 1042 951 Iule,

333 970 399 1011 De
432 970 658 1023 Dyoneum
692 982 859 1022 quoque
894 969 1056 1012 Caesar
1087 971 1195 1012 alter

393 1038 534 1094 sydus
567 1040 739 1082 amabit.

133 1134 177 1167 45
262 1123 351 1165 Iam
383 1124 482 1177 polo
514 1129 665 1165 vectus
699 1136 824 1165 sacra
855 1129 956 1165 vota
987 1123 1177 1175 traddes,

332 1194 394 1236 Te
428 1194 570 1235 colent
601 1194 711 1236 votis
744 1194 1171 1250 populifrequentes

332 1265 387 1306 Et
418 1265 495 1306 tibi
526 1264 677 1306 laudes
710 1278 840 1306 nurus
873 1265 1008 1307 omnis
1042 1265 1185 1315 addet,

392 1336 659 1389 Templaqae
691 1341 835 1389 ponet.

261 1419 327 1461 Tu
358 1419 498 1460 libens
530 1419 732 1473 princeps
765 1419 948 1473 populos
981 1418 1149 1461 videbis

135 1500 178 1535 50
333 1489 400 1531 Ad
432 1496 529 1531 tuas
563 1503 660 1530 aras
692 1503 925 1543 properare
959 1490 1126 1540 multos,

332 1561 478 1602 Thura
510 1566 746 1614 portanteS,
779 1560 958 1602 iuvenes
992 1574 1204 1614 senesque

391 1632 446 1673 Et
477 1631 585 1686 petit
615 1631 772 1673 infans.

261 1715 429 1756 Numen
463 1727 486 1756 o
520 1713 682 1755 Caesar
713 1713 858 1755 veniat
888 1727 1125 1768 precamur,

335 1785 406 1827 Sic
437 1791 554 1826 tuum
587 1784 731 1835 foelix,
765 1784 1065 1838 placidumque
1095 1784 1233 1837 nobis,

133 1867 177 1901 55
333 1856 390 1899 Ut
422 1856 498 1898 tibi
530 1861 683 1910 gentes
714 1855 905 1897 referant
937 1855 1136 1908 honores,

392 1927 537 1969 Turba
570 1927 643 1969 det
674 1927 869 1980 hymnos.

50 2104 121 2146 Ad
148 2105 327 2147 eundem
349 2103 494 2147 divum
522 2103 816 2145 Vuladislaum
839 2101 1070 2158 Hunyarie
1096 2107 1134 2145 et
1155 2101 1356 2145 Bohemie
1374 2103 1532 2158 Regem

50 2174 287 2218 maximum
319 2175 394 2229 qui
418 2189 679 2228 summopere
704 2174 857 2216 Musas
887 2174 992 2224 colit,
1024 2174 1338 2227 Poetarumque
1365 2173 1536 2216 delitias

419 2250 535 2288 amat
566 2251 603 2288 et
634 2245 683 2287 in
716 2245 890 2287 dicendo
923 2243 1159 2287 varietates.

262 2355 506 2410 Pyndarum
537 2361 660 2397 vates
694 2354 889 2396 cecinere
923 2366 1104 2404 sacrum,

332 2426 561 2468 Maximum
594 2425 739 2468 circha
770 2437 920 2466 nemus
953 2430 995 2465 et
1022 2424 1320 2478 propinquum,

333 2497 555 2540 Publicum
587 2497 732 2539 ludum
765 2495 916 2538 Latiae
949 2495 1148 2538 cohortes

393 2569 505 2610 Ecce
539 2567 762 2610 reducunt.

159 2662 178 2694 5
266 2650 401 2701 Quem
434 2650 550 2705 prius
583 2650 716 2691 Musis
750 2650 915 2690 animus
949 2648 1090 2691 dicavi

333 2721 492 2772 Plorat,
527 2726 569 2762 et
600 2721 713 2763 vires
745 2721 915 2775 pugiles
947 2719 1117 2773 reliquit

333 2791 549 2842 Phoebus,
583 2797 625 2833 et
656 2791 790 2833 nostri
821 2791 1015 2832 meritum
1045 2790 1220 2844 liquoris

393 2863 559 2905 Litibus
592 2861 748 2904 obstat.
