1955 3278
1527 113 1595 146 171

110 257 260 299 decem
293 257 426 298 millia
458 258 712 298 talentorum
759 257 938 310 singulis
973 257 1095 297 annis
1130 257 1297 297 soluere
1333 256 1594 310 astringitur.

108 328 393 369 Hannibalem
428 341 552 380 quem
585 328 851 369 incitatorem
885 340 1020 380 penes
1055 340 1100 368 se
1135 327 1283 368 habuit
1315 327 1383 368 vel
1413 327 1595 368 reddere

108 399 177 440 vel
209 399 419 440 dimittere
453 398 728 452 compellitur.
773 398 826 438 Et
859 397 1044 450 denique
1078 398 1311 439 miserrime
1345 412 1428 439 non
1463 399 1596 439 multo

107 476 205 523 post
237 483 263 510 a
295 469 591 511 sacerdotibus
626 469 823 509 fortunae
859 468 1087 522 praesidiis
1121 470 1174 510 ob
1208 469 1398 510 thesauri
1433 469 1596 522 cupidi·

108 546 236 581 tatem
271 540 534 590 interficitur,
569 545 611 580 et
642 539 904 580 frustillatim
939 539 1136 580 concisus
1157 539 1260 580 feris
1284 540 1597 593 discerpendus

108 618 149 651 et
180 611 395 652 vorandus
452 610 678 665 proiicitur.
731 610 802 651 Sic
845 610 1055 651 Antonius
1098 610 1287 651 triumvir
1331 624 1383 651 ex
1416 624 1593 652 romano

108 688 282 736 propter
312 681 589 723 vinolentiam
622 680 762 722 factus
796 689 861 722 est
894 681 1117 730 barbarus,
1152 694 1309 734 magna
1335 681 1530 722 nimirum
1555 689 1598 723 et

108 753 220 794 vitae
254 758 296 793 et
328 752 470 793 famae
497 753 672 793 iactura.
707 752 778 793 Sic
811 752 1008 793 Tiberius
1032 752 1193 793 Caesar
1219 758 1392 806 propter
1425 753 1596 794 nimiam

108 824 193 865 vini
225 823 474 864 aviditatem
507 836 583 877 pro
606 823 777 864 Tiberio
803 822 980 864 Claudio
1003 822 1187 870 Nerone,
1211 822 1407 863 Biberius
1432 824 1598 865 caldius

109 894 223 935 Mero
257 901 433 936 vocatus
455 901 534 945 est,
568 900 689 934 tanta
712 894 898 947 agitatur
922 900 987 935 est
1009 894 1117 934 furia
1138 900 1183 934 ut
1213 894 1397 935 Drusum
1422 894 1595 935 fratrem

108 966 334 1019 proprium,
377 966 667 1018 germanicum
701 965 800 1006 item
847 965 976 1006 Drusi
1010 965 1152 1006 fratris
1185 964 1315 1005 filium
1358 972 1399 1006 et
1431 974 1597 1019 patrem

108 1049 273 1077 veneno
318 1036 531 1090 perderet,
578 1049 660 1089 quo
701 1042 742 1077 et
774 1037 868 1089 ipse
915 1036 1071 1077 deinde
1106 1037 1215 1077 male
1248 1036 1419 1077 interiit.
1466 1037 1519 1077 Et
1552 1044 1598 1077 ut

107 1107 350 1148 Alexandro
383 1107 539 1161 Magno
563 1107 690 1148 etiam
718 1120 821 1149 suae
845 1114 991 1161 partes
1025 1121 1108 1149 non
1131 1107 1419 1149 detrahantur.
1443 1108 1596 1149 Nonne

108 1191 256 1219 omnes
278 1178 321 1219 id
342 1177 581 1220 noverunt?
611 1192 737 1231 quam
766 1179 850 1220 vini
881 1179 1033 1220 avidus
1064 1192 1187 1231 quam
1221 1192 1273 1219 ex
1296 1179 1394 1220 vino
1418 1179 1597 1220 insanus

107 1247 275 1302 (tacebo
295 1249 407 1302 quod
429 1250 470 1290 in
489 1263 534 1290 re
553 1263 741 1291 venerea
760 1250 812 1291 ob
834 1249 878 1290 id
900 1250 1083 1291 imbellis
1102 1256 1193 1291 erat
1211 1257 1253 1291 et
1271 1250 1483 1304 impotens
1503 1264 1595 1292 cum

108 1334 262 1374 magno
279 1321 424 1361 matris
442 1327 541 1361 tuae
560 1320 825 1374 Olympiadis
846 1320 1004 1371 dolore,
1022 1321 1133 1373 quod
1154 1328 1328 1375 propter
1345 1322 1597 1363 ebrietatem

109 1391 216 1433 duos
239 1392 332 1432 dies
354 1391 617 1444 totidemque
640 1398 788 1433 noctes
823 1392 1076 1445 saepissime
1111 1392 1292 1433 dormire
1328 1393 1508 1434 solebat.
1544 1394 1599 1434 Et

107 1463 205 1504 ideo
228 1477 252 1504 a
274 1463 507 1504 Menandro
530 1463 610 1504 sibi
633 1463 845 1504 obiectum
870 1477 893 1504 o
918 1463 1144 1516 plusquam
1166 1464 1411 1505 Alexandro
1434 1462 1597 1518 bibisti)

106 1533 379 1585 reddebatur,
408 1542 452 1575 ut
476 1534 547 1587 qui
571 1548 623 1575 ex
646 1535 880 1575 vinolentia
902 1535 957 1576 ad
975 1535 1076 1575 iram
1098 1535 1369 1585 incitabatur,
1393 1548 1444 1576 ex
1462 1535 1524 1576 ira
1543 1535 1597 1577 ad

106 1605 323 1650 ultionem,
354 1605 396 1646 in
420 1619 503 1658 qua
532 1619 611 1647 nec
642 1605 889 1646 dilationem
913 1619 993 1646 nec
1017 1605 1187 1646 modum
1212 1619 1399 1658 unquam
1432 1607 1597 1657 habuit,

107 1676 366 1730 rapiebatur.
401 1677 447 1718 In
476 1677 572 1718 illos
603 1690 739 1730 regna
770 1677 1013 1727 exercebat,
1049 1677 1119 1729 qui
1151 1690 1286 1731 penes
1321 1690 1416 1718 eum
1451 1678 1599 1731 optimi

109 1754 241 1789 erant.
278 1748 444 1801 Clytum
466 1748 577 1789 enim
597 1748 811 1789 hominem
837 1748 917 1789 sibi
942 1748 1245 1789 amicissimum
1270 1748 1381 1789 inter
1402 1749 1600 1790 convivia

108 1818 279 1872 propria
293 1832 421 1859 manu
435 1818 677 1870 transfodit,
694 1825 735 1860 et
749 1819 967 1860 intellecto
982 1818 1172 1860 facinore
1187 1819 1291 1860 mori
1305 1819 1448 1860 voluit.
1463 1820 1597 1861 Calis-

110 1890 281 1930 thenem
306 1903 473 1943 quoque
496 1890 708 1943 insignem
732 1890 1033 1944 philosophum
1055 1889 1257 1931 trucidari
1279 1890 1395 1942 fecit,
1414 1904 1596 1944 eumque

109 1974 203 2001 cum
227 1974 333 2002 cane
366 1961 409 2002 in
429 1961 600 2003 foveam
624 1961 798 2012 includi,
823 1961 1125 2014 Lysimachum
1149 1962 1283 2002 virum
1307 1975 1492 2014 magnae
1515 1963 1598 2004 vir-

110 2018 211 2073 tutis
246 2038 287 2073 et
320 2032 611 2086 experientiae
645 2038 689 2073 at
722 2032 962 2086 stupendae
996 2032 1257 2073 fortitudinis
1280 2033 1393 2074 leoni
1427 2033 1596 2075 obiecit.

111 2102 266 2155 Sicque
301 2116 439 2156 quem,
473 2109 535 2144 tot
557 2104 734 2157 proelia,
769 2109 830 2144 tot
853 2103 1043 2156 hyemes,
1078 2116 1239 2157 perque
1261 2104 1453 2157 pericula
1484 2105 1598 2146 victa

109 2182 344 2228 temporum
376 2175 649 2227 locorumque
683 2174 936 2216 difficultate
970 2175 1211 2225 transierat,
1246 2181 1307 2215 tot
1338 2174 1512 2216 flumina
1546 2190 1598 2217 ex

110 2245 255 2298 ignoto
289 2245 501 2297 cadentia,
536 2252 596 2287 tot
629 2246 762 2286 maria
794 2253 928 2286 tutum
963 2246 1230 2295 dimiserunt,
1267 2245 1600 2299 intemperantia

111 2315 285 2357 bibendi
329 2323 372 2357 et
414 2316 485 2357 ille
531 2316 826 2358 Herculaneus
873 2330 923 2357 ac
968 2316 1108 2356 facilis
1143 2316 1332 2370 scyphus
1372 2316 1432 2369 (ut
1463 2318 1599 2370 inquit

112 2386 297 2437 Seneca)
332 2387 574 2437 submersit,
620 2401 751 2439 quare
785 2387 838 2428 ob
872 2388 953 2428 hoc
991 2387 1258 2428 Andracides
1305 2389 1444 2429 clarus
1485 2389 1597 2442 sapi-

112 2457 227 2498 entia
259 2457 315 2498 ad
348 2471 442 2499 eum
475 2458 535 2499 ita
568 2459 748 2512 scripsit.
795 2459 1007 2500 Memento
1041 2472 1128 2509 rex,
1169 2472 1263 2499 cum
1296 2459 1438 2501 vinum
1472 2468 1598 2514 potas

113 2528 364 2582 sanguinem
410 2538 548 2570 terrae
580 2530 823 2571 bibiturum.
872 2530 979 2570 Nam
1014 2530 1152 2571 cicuta
1185 2529 1346 2571 homini
1385 2543 1597 2571 venenum

113 2606 191 2649 est,
225 2599 390 2641 cicutae
434 2614 534 2642 vero
568 2601 721 2642 vinum.
770 2601 876 2642 Vide
910 2614 1013 2654 ergo
1059 2607 1219 2653 quanta
1267 2601 1320 2641 sit
1353 2601 1416 2643 vis
1460 2602 1597 2655 ipsius

113 2671 210 2722 vini,
256 2677 300 2711 ut
332 2684 498 2713 veneno
545 2672 598 2713 sit
632 2685 856 2713 venenum.
907 2670 971 2713 Ob
1004 2671 1047 2712 id
1081 2672 1210 2712 etiam
1256 2672 1503 2726 Traxaspes
1538 2673 1600 2713 vir

114 2742 253 2782 clarus
286 2743 447 2783 monuit
493 2742 745 2796 Cambysen]
779 2757 923 2797 regem
958 2743 1200 2793 Persarum,
1235 2756 1358 2795 quem
1392 2743 1477 2783 vini
1511 2744 1597 2785 avi-

114 2812 211 2853 dum
245 2825 380 2865 usque
415 2813 469 2854 ad
493 2814 742 2855 ebrietatem
778 2814 977 2868 perfundi
1011 2814 1197 2864 videbat,
1221 2821 1266 2854 ut
1288 2815 1459 2868 parcius
1483 2828 1599 2856 mero

113 2883 368 2936 indulgeret,
402 2897 551 2937 parum
586 2884 759 2938 dignum
795 2885 988 2926 referens
1022 2885 1062 2925 in
1097 2898 1199 2937 rege
1234 2885 1428 2927 accusari
1462 2885 1598 2926 ebrie-
