1955 3278
358 108 428 143 290

357 253 472 309 apud
504 252 631 294 deum
652 252 695 293 in
719 265 826 295 aevo
859 252 1032 294 beatam
1056 253 1199 295 divina
1214 253 1227 275 ²
1261 253 1489 295 clementia
1513 254 1672 308 insigni
1693 255 1844 309 pietati

356 333 454 368 tuae
486 325 760 377 iustitiaeque
793 323 1011 378 promittit.
1059 325 1199 366 Vitam
1233 324 1417 378 denique
1450 338 1700 380 prosperam
1732 326 1846 368 inter

356 398 559 439 mortales
592 393 815 449 satisque²
849 396 1019 449 longam
1055 393 1275 450 (quantum
1307 409 1359 437 ex
1385 395 1553 438 indiciis
1588 397 1842 450 quibusdam

355 469 457 511 mihi
474 469 591 510 licuit
608 464 868 520 coniectare)
886 467 1031 508 felicia
1047 467 1123 508 tibi
1140 467 1284 508 sidera
1311 466 1604 510 decreverunt.
1627 468 1683 510 Ut
1701 474 1841 510 autem

356 541 469 595 quod
494 540 761 595 pollicentur,
792 537 866 579 id3
901 543 943 579 et
964 544 1199 592 praestent,
1229 537 1470 580 firmissima
1493 538 1576 580 fide
1600 545 1642 580 et
1674 540 1844 582 cumulo

352 613 529 667 insuper
544 615 776 666 prorogent
792 609 996 664 pleniore,
1024 609 1248 663 diligentia
1267 615 1341 650 tua
1364 615 1406 650 et
1426 609 1686 651 medicorum
1709 617 1842 653 astro-

352 684 673 738 logicorumque
718 695 820 723 cura
853 680 1026 723 efficere
1071 681 1219 734 procul
1255 680 1384 721 dubio
1417 686 1572 734 potest.
1618 681 1707 722 Iam
1739 694 1840 723 vero

351 755 395 796 id
427 767 557 809 posse
591 753 772 795 scientia
805 758 848 793 et
879 751 1107 806 prudentia
1130 751 1234 803 fieri,
1270 751 1505 793 doctissimi
1528 752 1684 805 quique
1706 759 1840 794 astro-

351 827 439 880 logi
472 831 514 867 et
545 824 700 866 medici
745 822 1009 865 confitentur.
1059 822 1162 863 Cum
1194 822 1322 876 igitur
1353 823 1464 864 inter
1506 823 1664 865 Plotini
1706 823 1840 865 libros

351 910 507 951 magno
525 895 756 938 Laurentio
774 893 928 936 Medici
946 893 1184 934 destinatos
1206 893 1249 933 in
1269 893 1419 934 librum
1441 893 1597 935 Plotini
1620 894 1674 936 de
1691 893 1839 936 favore

352 969 533 1010 caelitus
578 965 814 1008 hauriendo
860 970 1116 1006 tractantem
1161 977 1298 1018 nuper
1343 965 1691 1006 commentarium
1724 978 1837 1006 com-

350 1040 591 1095 posuissem
624 1039 734 1079 inter
767 1042 939 1079 caetera
970 1036 1012 1077 in
1046 1049 1140 1077 eum
1174 1041 1321 1077 nostra
1354 1036 1661 1078 commentaria
1692 1049 1836 1077 nume-

349 1117 501 1163 ratum,
546 1110 591 1151 id
635 1108 805 1162 quidem
852 1107 1036 1160 seligere
1081 1120 1207 1157 nunc,
1252 1106 1491 1148 Laurentio
1538 1105 1708 1159 quidem
1743 1106 1837 1160 ipso

343 1182 562 1235 probante,
598 1187 726 1233 atque
750 1178 968 1220 Maiestati
987 1178 1107 1219 Tuae
1130 1178 1397 1232 potissimum
1425 1178 1626 1220 dedicare
1650 1178 1834 1220 decrevi.

352 1254 486 1308 Spero
533 1251 730 1306 equidem
776 1250 875 1291 dum
920 1249 1033 1292 vitae
1066 1255 1166 1290 tuae
1201 1249 1560 1303 prosperitatique
1601 1250 1835 1302 consulam,

349 1326 461 1367 vitae
483 1324 651 1365 interim
672 1329 714 1364 et
734 1321 953 1376 splendori
971 1321 1106 1362 seculi
1126 1321 1261 1362 nostri
1284 1327 1326 1362 et
1344 1321 1519 1361 humani
1540 1321 1712 1374 generis
1735 1334 1834 1362 con-

350 1397 566 1438 sulturum.
600 1395 738 1447 Atque
766 1399 811 1434 ut
830 1391 1066 1435 valetudini
1098 1392 1457 1447 prosperitatique
1479 1392 1626 1445 regiae
1649 1391 1834 1434 validius

346 1468 456 1509 haec
487 1472 634 1508 nostra
663 1464 933 1519 prodessent,
959 1477 1041 1516 per
1066 1461 1258 1504 Valorem
1279 1462 1422 1516 ipsam
1443 1462 1652 1504 mittenda
1673 1463 1832 1517 putavi.

346 1539 469 1580 Hunc
490 1538 619 1592 igitur
642 1536 833 1577 Valorem
854 1541 1059 1587 nostrum,
1079 1535 1411 1576 clementissime
1432 1548 1520 1586 rex,
1546 1534 1831 1588 complectere

344 1623 509 1665 precor.
543 1609 727 1650 Tantum
761 1608 872 1649 enim
899 1612 1064 1658 natura,
1097 1606 1245 1658 virtus,
1279 1605 1511 1648 auctoritas
1538 1612 1612 1646 tua
1633 1605 1762 1656 valet,
1786 1614 1832 1646 ut

346 1681 510 1734 absque
543 1686 585 1721 te
619 1685 805 1732 nequeat
844 1677 905 1719 vel
941 1677 1059 1718 valor
1089 1678 1183 1731 ipse
1216 1678 1375 1720 valere.
1421 1677 1462 1718 X
1493 1676 1588 1719 Iulii
1632 1675 1831 1718 MOCGC

346 1753 378 1793 L
393 1752 519 1794 XXX
533 1751 607 1793 IX.
641 1751 896 1792 Florentiae.
918 1748 933 1771 4

350 1917 496 1960 Oratio
523 1917 572 1959 de
597 1917 713 1972 Reye
734 1916 996 1959 Pannoniae
1017 1916 1218 1958 Matthia.
1240 1915 1438 1958 Recitata
1459 1915 1509 1957 in
1530 1914 1596 1956 die
1617 1912 1831 1955 Matthiae

343 1988 533 2042 Apostoli
546 1988 594 2030 in
603 1987 949 2030 Renmzeiatione
959 1988 1123 2043 yradus
1135 1987 1377 2043 Mayisteriz'
1391 2001 1418 2028 a
1433 1987 1606 2028 Decano
1616 1983 1829 2041 IVIayistro

344 2059 591 2102 Sebastiano
600 2059 788 2101 Mattheo
803 2059 852 2101 in
865 2058 1100 2100 Academia
1120 2057 1450 2114 VViteberyensz‘
1462 2058 1593 2100 Anno
1610 2057 1670 2098 M.
1683 2056 1737 2098 D.
1750 2055 1827 2098 LI.

526 2130 808 2186 VViteberyae
830 2130 1115 2172 Eoecaaebant
1137 2130 1355 2172 Haeredes
1376 2129 1498 2171 Petri
1522 2128 1647 2171 Seite.

459 2227 530 2268 fol.
548 2227 616 2270 7a.
637 2260 643 2268 .
664 2261 672 2270 .
693 2261 701 2269 .
721 2227 1018 2268 Venerabatur
1033 2227 1256 2268 Ecclesiae
1274 2239 1429 2267 nomen
1448 2232 1490 2266 et
1512 2239 1538 2266 a
1556 2224 1825 2267 sacerdotum

342 2298 599 2340 eruditorum
633 2298 855 2351 colloquiis
889 2298 942 2339 de
971 2298 1163 2339 doctrina
1194 2297 1417 2339 Ecclesiae
1446 2309 1531 2337 non
1552 2296 1825 2347 abhorrebat,

341 2383 391 2411 ac
414 2375 531 2411 certa
553 2375 747 2423 tempora
763 2369 1022 2411 invocationi
1039 2369 1266 2410 tribuebat.
1290 2367 1605 2409 Bibliothecam
1626 2367 1825 2408 instruxit

339 2454 495 2494 magno
529 2448 699 2494 sumptu
733 2446 893 2493 quanta
925 2447 1045 2482 extra
1071 2440 1240 2480 Italiam
1262 2440 1379 2480 nulla
1403 2445 1478 2480 est.
1511 2439 1576 2480 Ex
1595 2439 1678 2480 hac
1697 2438 1824 2479 utiles

337 2511 434 2552 libri
453 2512 657 2566 Polybius
677 2518 719 2553 et
740 2511 956 2553 Diodorus
979 2512 1139 2553 siculus
1161 2511 1339 2565 primum
1362 2509 1516 2564 prolati
1538 2510 1651 2564 typis
1675 2509 1824 2551 excusi

339 2588 449 2624 sunt.
494 2582 747 2624 Delectatus
793 2589 859 2623 est
892 2582 1073 2623 maxime
1117 2581 1388 2623 historiarum
1421 2581 1679 2634 cognitione,
1713 2593 1822 2633 quas

337 2653 500 2695 curavit
532 2667 586 2695 ex
612 2666 771 2707 graeca
802 2654 950 2707 lingua
981 2654 1136 2694 multas
1168 2653 1344 2694 latinam
1374 2652 1596 2694 transferri
1624 2651 1690 2693 sui
1715 2664 1822 2693 usus

338 2737 482 2776 causa,
516 2724 664 2766 didicit
696 2725 824 2765 etiam
858 2724 1051 2766 studiosa
1082 2724 1215 2765 multa
1238 2723 1290 2765 de
1322 2724 1538 2765 stellarum
1571 2722 1755 2765 motibus
1779 2730 1822 2764 et

456 2851 466 2871 ¹
495 2862 515 2886 a
553 2852 674 2886 divina
699 2852 743 2886 F.
795 2851 808 2870 2
842 2855 950 2895 atque
976 2852 1021 2886 F.
1074 2853 1086 2872 ³
1118 2851 1155 2886 id
1192 2851 1364 2896 hianyzik
1401 2851 1534 2886 F-ben.
1586 2850 1600 2869 ⁴
1633 2861 1653 2884 a
1690 2849 1818 2885 datum

335 2910 509 2955 hianyzik
534 2910 665 2945 F—ben.
