1919 3273
295 85 366 120 394

343 244 386 276 15
444 232 609 287 Sperne
643 231 925 286 superbifieos
955 232 1123 274 steriles
1157 240 1256 274 sunt
1283 233 1467 287 denique
1491 233 1643 284 cultus,

505 303 642 355 Omni,
677 303 803 345 erede
836 303 952 355 mihi,
987 310 1108 358 parte
1142 304 1297 346 beatus
1331 306 1427 348 eris.

444 376 535 417 Hoc
567 376 609 416 in
643 381 685 416 te
720 374 867 416 vitium
902 388 986 416 non
1019 382 1172 428 regnat
1205 375 1388 418 habebis
1421 377 1620 427 honores,

505 446 650 488 Stabis
685 452 727 487 et
758 446 800 487 in
835 447 975 487 claros
1008 460 1093 487 non
1127 448 1354 489 moriturus
1388 461 1505 490 avos,

354 648 424 689 Ad
463 647 643 689 eundem
689 646 834 689 divum
875 646 1174 688 Vuladzssslaum
1219 647 1378 703 Reyem
1418 647 1466 689 de
1505 647 1728 690 venatione

862 718 1056 772 sepositis
1089 718 1217 761 euris.

441 839 506 880 Tu
540 838 665 880 modo
699 839 871 880 venaris
904 839 1037 880 tacita
1070 852 1163 880 611111
1196 838 1349 880 fraude
1383 838 1570 890 molossi,

502 910 626 951 Nune
659 910 780 964 oupis
814 923 967 951 aereos
1001 909 1234 951 sollicitare
1268 923 1413 952 canes.

442 982 496 1022 Et
528 982 653 1035 lepus
686 981 758 1022 ille
792 993 944 1035 vagus,
979 982 1144 1023 6616165
1179 981 1240 1022 sie
1272 981 1420 1022 ordine
1455 981 1623 1022 damme

505 1053 706 1094 Tendunt
738 1053 781 1094 in
815 1066 980 1104 635565,
1014 1052 1151 1106 preda
1183 1052 1360 1094 redacta
1392 1058 1501 1094 tuos.

445 1124 558 1174 Quot
591 1124 791 1177 graviora
824 1123 984 1165 eadunt
1019 1124 1235 1175 animalia,
1271 1124 1453 1165 collocat
1487 1123 1613 1165 hasta

502 1195 704 1236 Vastator
736 1195 937 1245 Nemees,
972 1200 1014 1236 et
1046 1200 1177 1249 pavet
1210 1194 1376 1236 Arehas
1410 1208 1527 1249 aper.

440 1266 630 1308 Prandia
663 1266 895 1308 scrutando
929 1266 965 1308 si
997 1266 1144 1319 sumis,
1178 1266 1296 1306 lauta
1330 1266 1526 1320 supellex

501 1338 678 1379 Miratur
710 1343 852 1379 tecum
887 1337 1159 1379 discubuisse
1192 1337 1323 1379 feras.

440 1410 569 1451 Astra
592 1409 848 1462 domumque
872 1409 968 1450 tulit
1000 1409 1250 1463 Tyrinthius
1274 1422 1327 1450 en
1350 1408 1427 1450 tibi
1450 1408 1664 1463 princeps,

343 1492 385 1525 10
503 1480 716 1534 Quicquid
749 1487 792 1522 et
822 1481 865 1522 in
899 1480 1022 1522 terris
1056 1481 1193 1534 gloria
1224 1493 1322 1521 rara
1353 1480 1485 1521 fovet.

445 1552 621 1594 Coelum
655 1566 825 1607 semper
858 1566 967 1604 31113,
1002 1552 1162 1593 meritis
1197 1551 1448 1605 dignissime
1482 1564 1630 1604 regum

503 1625 585 1666 Pro
619 1624 764 1676 tantis,
798 1624 941 1666 tradet
974 1624 1160 1665 maxima
1191 1623 1309 1665 fama
1342 1623 1490 1664 decus.

443 1696 586 1737 Aurea
619 1695 838 1750 spectabis
873 1695 994 1736 senio
1029 1694 1253 1736 confectus
1288 1700 1330 1735 et
1363 1700 1493 1745 astra,

500 1768 653 1821 Regna
685 1768 773 1822 poli
805 1767 938 1809 virtus
972 1767 1133 1820 inclyta
1165 1772 1287 1807 tanta
1320 1765 1442 1807 feret.

366 1135 387 1167 UT

296 1968 367 2010 Ad
390 1969 570 2010 eundem
594 1968 739 2010 divum
762 1968 1072 2020 Vuladz'slaum,
1098 1966 1328 2022 Hunyarizg
1351 1971 1388 2008 et
1410 1965 1610 2016 Bohemz'c
1633 1965 1791 2020 Reyem

297 2039 502 2082 invictis-s.
526 2040 799 2095 epiyramma,
834 2054 914 2092 quo
930 2043 1058 2093 poeta
1089 2038 1376 2092 conqueritur,
1409 2037 1519 2079 diem
1547 2036 1679 2079 nimis
1701 2051 1791 2079 sero

294 2110 446 2164 redire,
468 2126 562 2153 cum
580 2111 702 2166 Zonyo
721 2110 928 2152 desiderio
946 2110 1070 2160 Budq
1089 2113 1337 2163 eoepeeteturs.
1357 2108 1570 2162 superatis
1589 2107 1789 2150 hostibus.

447 2230 694 2284 Lampades
728 2230 894 2279 Aethee
928 2236 1106 2272 venturo
1139 2230 1260 2283 Rege
1294 2242 1518 2271 coruscum

506 2301 632 2342 Ferte
667 2301 793 2354 diem,
827 2301 1040 2356 Paphium
1072 2307 1117 2342 tu
1150 2314 1319 2354 quoque
1352 2299 1486 2342 redde
1519 2299 1654 2341 iubar.

446 2373 587 2414 Tanta
620 2373 906 2414 Bohemorum
941 2373 1089 2414 tardas
1123 2386 1197 2414 6111
1228 2371 1390 2425 gaudia
1421 2371 1612 2421 Phoebe,

460 2490 463 2491 ⁷
506 2443 601 2485 Non
636 2450 818 2498 possunt
850 2450 1019 2486 vestras
1053 2445 1149 2498 plus
1183 2444 1365 2485 tolerare
1400 2456 1556 2484 moras.

368 2526 389 2557 5
452 2515 710 2569 Hungaricis
743 2515 909 2557 inmitte
944 2515 1057 2557 diem
1090 2515 1262 2556 'Pitonia
1294 2514 1434 2565 terris,

506 2587 598 2628 Hoc
630 2586 746 2628 istud
777 2586 916 2628 facias
950 2586 1097 2628 secula
1130 2592 1220 2627 tota
1252 2592 1418 2639 rogant.

447 2657 537 2699 Iam
560 2671 758 2712 propera,
792 2671 874 2699 1166
895 2658 1013 2699 lenta
1035 2657 1147 2709 veni,
1182 2657 1261 2698 sed
1283 2656 1521 2698 Memnonis
1545 2656 1659 2697 alma

507 2729 612 2782 Igne
646 2736 718 2770 tuo
753 2741 904 2770 croceo
938 2741 1059 2770 611116
1092 2734 1248 2770 vocata
1281 2741 1439 2782 parens

448 2800 579 2853 Regis
613 2805 655 2841 et
688 2799 901 2841 adventus
935 2799 1063 2840 etiam
1097 2799 1198 2852 quid
1231 2799 1354 2853 pigra
1385 2796 1600 2840 moraris?

349 2880 392 2914 10
508 2871 633 2912 Nune
665 2878 765 2912 avet
797 2871 1006 2912 illustrem
1040 2883 1216 2911 66111616
1249 2870 1375 2911 turba
1408 2869 1572 2912 ducem.
