1955 3278
356 131 425 166 308

355 428 424 462 395

354 783 424 818 400

353 1140 422 1174 405

351 1496 421 1531 410

348 1853 417 1887 415

347 2219 418 2254 420

349 2577 418 2611 425

348 2931 418 2964 430

501 275 556 316 Et
588 275 716 317 sedes
749 276 821 318 ubi
854 277 981 318 stella
1012 278 1152 330 micat,
1186 278 1455 332 renitentque
1488 278 1639 333 figure.

502 347 607 388 Post
628 352 806 389 tenuere
830 349 1003 402 plagam
1028 350 1171 403 signat
1200 363 1326 403 quam
1350 350 1544 404 scorpius
1567 350 1724 392 ardens

505 416 588 459 Ore
621 419 730 460 truci
762 420 926 461 saniem
959 426 1138 474 gestans
1170 422 1213 462 in
1247 422 1442 463 acumine
1475 429 1649 463 tretram
1672 419 1716 475 (ἔ)

502 489 595 531 Hac
626 489 780 531 fruitur
810 505 896 532 non
928 506 1062 546 passa
1094 493 1228 534 virum
1261 493 1498 534 iustissima
1528 494 1649 547 virgo

505 560 576 602 Sic
609 564 763 614 equale
796 562 941 616 iugum
974 569 1164 605 tractans
1199 577 1277 605 sua
1310 564 1504 618 pondera
1534 565 1672 606 lance.

501 632 610 674 Hinc
643 633 819 675 volvunt
851 647 1001 675 cursus
1035 640 1077 676 et
1108 635 1254 676 inania
1285 635 1432 676 nubila
1463 641 1634 676 tranant

501 703 685 744 Demum
717 704 968 746 Romuleam
1002 712 1209 759 ceperunt
1242 707 1434 760 protinus
1467 707 1627 748 urbem.

504 774 560 816 Ut
591 775 771 828 primum
805 776 986 829 tetigere
1019 777 1145 827 lares,
1181 791 1414 831 sacrosque
1448 777 1618 832 penatis

502 845 556 886 Et
587 847 750 900 patrias
782 847 931 889 fovere
965 847 1116 890 domos
1149 855 1420 902 augustaque
1453 850 1615 903 templa

503 917 821 971 Conspicienda
853 918 960 971 foro,
995 919 1260 973 delubraque
1295 920 1428 974 digna
1459 921 1652 975 tropheis

502 987 697 1044 Occupat
729 989 798 1031 hic
831 1003 974 1032 arcem
1007 991 1252 1044 maioraque
1286 991 1472 1032 culmina
1504 991 1673 1034 Mavors

502 1060 700 1114 Prerupti
732 1061 827 1103 saxi
859 1061 1105 1115 dilectaque
1139 1069 1254 1104 tecta
1286 1063 1479 1117 parentis

502 1131 737 1185 Laurigero
771 1146 985 1187 suspensa
1016 1134 1117 1187 iugo
1151 1134 1379 1175 simulacra
1409 1134 1629 1176 Laconum

498 1202 625 1244 Haud
657 1204 806 1257 procul
838 1205 1009 1259 aspexit
1039 1206 1239 1246 mirantia
1272 1218 1397 1247 sacra
1427 1210 1613 1257 monete,

501 1273 588 1315 Seu
619 1274 785 1329 Paphie
820 1288 901 1329 que
935 1276 1034 1318 diva
1066 1277 1186 1318 fovet
1218 1276 1379 1330 pietate
1413 1276 1596 1330 nepotis.

499 1344 620 1386 Ultor
652 1352 695 1387 at
727 1347 821 1400 ipse
855 1361 955 1389 suas
990 1355 1188 1402 spectare
1222 1348 1490 1401 frequentius
1523 1360 1621 1389 aras

499 1416 680 1458 Nomine
712 1418 831 1460 Iuleo
865 1425 1086 1473 pretextas
1118 1419 1307 1473 undique
1341 1419 1498 1460 circum

502 1488 774 1542 Ultricesque
806 1491 928 1533 focos
960 1491 1105 1545 posuit
1137 1504 1243 1544 quos
1276 1491 1412 1533 victor
1442 1491 1485 1531 in
1519 1490 1621 1531 orbe

500 1558 624 1601 Ultus
649 1567 875 1615 utramque
898 1575 1049 1604 necem
1071 1562 1239 1604 iuvenis
1263 1576 1355 1604 cum
1381 1562 1584 1603 substulit
1604 1575 1722 1603 arma

497 1630 545 1672 In
578 1632 824 1675 coniuratos
858 1634 1070 1675 scelerato
1103 1634 1314 1688 sanguine
1347 1634 1482 1675 tincta

498 1701 574 1743 Ille
608 1716 796 1757 sequens
829 1706 996 1758 aquilas
1029 1706 1308 1758 Romanaque
1342 1706 1430 1760 pila¹
1461 1705 1528 1747 bis
1561 1705 1671 1746 ultor

497 1773 677 1816 Rettulit
710 1781 752 1817 et
783 1776 919 1818 victos
953 1776 1171 1818 animosus
1205 1776 1397 1818 contudit
1429 1789 1569 1819 arcus.

495 1843 602 1886 Inde
635 1846 857 1890 Palatinas
890 1847 1141 1890 conscendit
1173 1849 1377 1890 Romulus
1410 1847 1544 1889 aedes

497 1914 648 1959 Omine
681 1919 840 1960 letatus
873 1920 1091 1961 volucrum
1124 1919 1206 1961 sibi
1238 1933 1374 1973 regna
1407 1925 1647 1960 canentum.

496 1994 601 2035 Post
632 1992 786 2032 lustrat
819 2004 1073 2043 quecunque
1108 1991 1218 2032 sacri
1249 1990 1491 2044 penetralia
1523 1990 1678 2031 montis

495 2064 687 2118 Regibus
719 2062 876 2104 invicto
909 2062 1176 2115 fundataque
1211 2061 1371 2103 Cesare
1402 2061 1555 2115 priscis

496 2137 595 2191 Ipse
630 2134 873 2184 Quirinales
907 2134 1035 2175 etiam
1069 2133 1274 2175 sincerior
1306 2146 1429 2174 arces

497 2208 635 2250 Vertit
667 2219 802 2248 ovans
837 2206 983 2247 oculos
1018 2210 1060 2246 et
1091 2205 1177 2253 leto
1212 2204 1418 2259 prospicit
1451 2217 1524 2245 ore

495 2280 813 2331 Fortunamque
847 2277 972 2318 deam
1004 2290 1144 2317 rerum
1172 2275 1473 2328 dominamque
1499 2280 1717 2329 potentem

497 2351 635 2401 Quam
666 2362 805 2402 vagus
839 2347 1012 2389 auriferi
1045 2348 1174 2389 coluit
1206 2359 1436 2400 possessor
1467 2346 1580 2388 Iberi

497 2421 858 2473 Parrhasiamque
881 2420 989 2473 petit
1015 2419 1211 2460 comitem
1238 2431 1332 2459 cum
1354 2418 1495 2459 fronte
1518 2430 1740 2458 coruscam

496 2493 563 2536 Ad
596 2506 643 2534 se
676 2493 760 2533 iam
795 2491 973 2545 cupiens
1006 2489 1167 2530 ambire
1200 2489 1415 2542 Lycaonis
1448 2501 1602 2529 ursam.

496 2564 747 2616 Arrectique
781 2562 935 2604 sedent
966 2560 1146 2602 fiammis
1180 2560 1448 2602 vibrantibus
1481 2559 1606 2600 ambo

497 2636 847 2689 Belligerumque
880 2639 1045 2687 patrem
1079 2645 1241 2673 summo
1276 2631 1330 2672 de
1364 2631 1472 2672 colle
1505 2636 1676 2671 tuentur

497 2708 865 2760 Circumspectum
883 2704 931 2759 (1)
956 2705 1083 2745 armis
1105 2704 1315 2757 ignesque
1338 2703 1522 2744 umbone
1545 2702 1743 2744 vomenti.

498 2778 664 2820 Occulit
695 2777 862 2818 interea
894 2776 1027 2817 fuscis
1060 2788 1145 2816 nox
1176 2774 1347 2816 roscida
1379 2780 1548 2815 montes

496 2849 707 2900 Nubibus,
742 2854 784 2889 et
815 2853 947 2889 totam
981 2846 1170 2888 tenebris
1204 2845 1486 2899 conplectitur
1517 2844 1678 2886 urbem.

497 2920 671 2973 Iamque
705 2925 850 2961 tacent
882 2919 1078 2960 volucres
1112 2924 1154 2958 et
1182 2930 1360 2970 corpora
1380 2917 1499 2958 lassa
1521 2916 1715 2958 colonum
