1919 3273
1491 110 1560 145 497

362 253 416 293 Et
449 265 545 305 qua,
577 252 717 293 laetus
750 252 834 303 adi,
867 252 983 305 viget
1015 253 1219 295 Minerva.

364 322 451 365 Sed
485 323 543 365 sis
578 322 810 377 Callipedis
843 336 948 365 cave
980 323 1138 374 libelle,

360 394 414 434 Et
445 393 689 435 testudineo
722 393 859 447 gradu
891 394 1080 441 moreris,

359 465 474 518 Ergo
506 465 715 518 Pegaseis
748 464 891 506 volato
925 465 1094 518 pennis.

79 675 304 717 Adrianus
344 674 624 727 Wolfhardus
674 675 1002 730 Trawsylvauus
1047 677 1124 718 sub
1158 676 1344 719 auctoris
1374 691 1562 731 persona

661 747 718 787 ad
749 747 976 789 ἰθσίονθφη.ι

225 865 429 907 Vivebam
454 866 552 906 dum
573 865 660 906 fata
697 866 858 908 dabant
882 867 973 908 sinc
997 867 1171 909 crimine
1194 869 1422 921 quondam,

284 936 379 986 Qua
411 936 503 977 fluit
534 936 644 978 Ister
675 950 800 990 aqua,
834 944 960 978 natus
992 939 1035 978 in
1067 938 1302 992 Hungaria.

223 1008 377 1060 Meque
409 1007 632 1048 laborante
666 1008 829 1061 patriae
863 1009 1118 1050 scabredine
1151 1009 1338 1063 linguae,

285 1079 484 1132 Suscepit
517 1079 701 1132 placido,
735 1085 849 1121 terra
882 1080 1049 1131 Latina,
1085 1081 1193 1122 sinu.

224 1150 303 1191 Hic
336 1150 436 1203 quid
470 1149 598 1191 Graia
631 1150 757 1191 docet
789 1164 866 1204 per
897 1151 1010 1192 mille
1043 1151 1260 1192 volumina
1280 1152 1415 1204 Musa,

284 1221 471 1263 Guarino
505 1221 646 1272 didici,
681 1221 836 1274 quidve
870 1221 1025 1262 Latina
1057 1228 1188 1263 tonat.

222 1293 287 1334 Ire
321 1293 399 1334 sed
431 1299 476 1333 ut
510 1293 662 1334 cessim
697 1293 905 1346 coepique
938 1292 1141 1334 inducere
1175 1293 1321 1335 Musas

282 1364 330 1404 In
362 1364 542 1418 patriani
575 1364 710 1405 Aonio
742 1364 901 1405 vertice
936 1363 1205 1415 dulcisonas3

224 1435 375 1476 Arrisit
406 1435 593 1476 Fortuna
625 1448 773 1488 parum
806 1435 1081 1487 Rhamnusia,
1116 1448 1299 1488 namque

282 1506 432 1557 Exulo,
467 1505 717 1547 conscendit
750 1505 922 1559 spiritus
954 1506 1053 1547 inde
1087 1506 1243 1559 polum.

223 1577 378 1618 Lector
410 1577 545 1618 amice
578 1577 678 1618 boni
711 1589 855 1629 quare,
889 1590 1008 1629 rogo,
1044 1577 1233 1628 consule,
1268 1577 1303 1617 si
1325 1577 1426 1630 quid

282 1648 507 1702 Displicet,
542 1648 755 1701 extemplo
789 1654 830 1688 te
866 1660 1033 1700 quoque
1066 1648 1159 1688 fata
1190 1648 1343 1689 ferent.

79 1873 270 1916 Adriani
310 1873 555 1926 Wolfhardi
592 1872 886 1926 Transylvant
916 1871 1212 1913 Hexastz'ehon
1242 1872 1288 1914 in
1326 1872 1494 1914 Zoilum
1527 1877 1565 1914 et

664 1944 945 1986 Ardelionem.
966 1942 980 1964 2

227 2065 369 2106 Dente
403 2064 628 2106 Theonino
660 2065 827 2105 laceres
860 2076 913 2106 ne
948 2062 1132 2104 carmine
1166 2062 1275 2102 vatis

288 2136 415 2178 Livor
447 2135 571 2187 edax,
607 2135 772 2177 Scazon
806 2148 888 2187 quo
920 2134 1058 2174 minus
1092 2146 1210 2174 arma
1241 2132 1353 2173 ferat

230 2206 275 2248 Si
308 2219 447 2258 secus,
481 2212 597 2248 astra
629 2206 715 2260 poli
739 2211 839 2258 quot
862 2205 1023 2245 habent
1046 2210 1087 2245 et
1109 2204 1233 2245 litora
1254 2203 1422 2255 fluctus,

288 2277 427 2319 Curva
457 2277 586 2318 maris
618 2278 760 2331 pisces
794 2282 979 2328 quotque
1011 2275 1238 2328 Propontis
1271 2274 1415 2325 habet,

229 2349 311 2390 Tot
336 2349 413 2391 tibi
434 2361 630 2402 quaeque
654 2347 746 2388 dies
779 2360 941 2400 poenas
976 2352 1017 2387 et
1049 2345 1265 2398 quaelibet
1297 2345 1424 2386 huius

287 2421 402 2462 Hora
431 2420 544 2461 ferat
574 2419 702 2469 vitae,
736 2418 944 2469 Plutoque
979 2423 1073 2470 post
1106 2416 1278 2457 obitum.

202 2689 212 2708 ¹
242 2690 348 2724 Ianus
374 2689 585 2723 Pannonius
614 2688 771 2721 1512-ik1'
798 2686 899 2721 becsi
926 2685 1153 2720 kiadasanak
1179 2682 1339 2728 elejerol.

204 2750 215 2768 2
243 2749 469 2793 Ugyanazon
496 2748 626 2782 kiadas
652 2745 811 2791 vegero'l.

154 2972 187 2999 E.
208 2965 304 2998 Anu:
326 2972 485 2998 ANALECTA
505 2980 592 2998 NOVA.
1378 2972 1421 2987 «222
