1919 3273
317 129 387 163 468

914 273 985 314 Ad
1018 274 1210 315 eundem.

465 367 548 410 Gur
579 368 706 410 modo
741 369 955 419 constitui,
988 369 1164 410 Verbeti
1196 369 1395 420 maxime,
1430 368 1563 411 fortes

522 440 638 482 Inter
670 446 712 481 et
746 440 970 481 armiferos
1004 441 1148 482 vivere
1182 441 1443 482 Pannonios.

465 512 645 553 Centum
669 525 751 566 ego
776 525 871 553 cum
893 512 1062 553 valeam
1086 512 1228 553 subito
1251 512 1504 566 depromere
1528 525 1698 564 causas,

472 577 476 584 ’
523 584 619 625 Una
652 583 705 624 sit
739 596 761 624 e
796 588 965 624 centum
999 589 1127 636 atque
1162 584 1297 624 altera
1330 596 1463 624 causa
1496 583 1613 624 satis.

463 654 667 705 Quamvis
703 654 876 696 Saleani
909 667 987 696 nos
1023 654 1156 696 allicit
1189 654 1324 695 ardua
1357 654 1504 705 virtus,

521 726 613 768 Nec
645 726 783 768 minus
817 731 859 766 et
891 725 1037 777 virtus,
1073 725 1144 766 Vir
1176 739 1402 779 generose,
1436 732 1522 774 tua,

461 798 515 838 Et
546 797 750 839 Thomari
783 797 901 838 vario
934 797 1019 837 iam
1054 797 1226 849 cognita
1260 797 1438 838 dextera
1470 797 1599 848 bello,

520 869 574 910 Et
605 868 855 909 Brodericei
890 867 1034 909 sobria
1065 867 1129 908 vis
1163 868 1307 920 animi,

460 941 647 993 Pisoque
680 940 764 980 iam
796 940 927 992 longo
961 939 1127 993 pridem
1161 939 1263 980 mihi
1297 940 1493 993 cognitus
1526 953 1619 991 usu,

521 1012 714 1062 Quocum
748 1017 814 1052 est
846 1010 1030 1064 hospicii
1062 1011 1127 1051 ius
1161 1011 1263 1051 mihi
1297 1010 1421 1052 dulce
1454 1011 1556 1052 viro.

462 1083 666 1133 Quamvis
699 1088 814 1123 terra
846 1082 967 1123 ferax
1000 1096 1153 1132 rerum,
1191 1082 1443 1134 coelumque
1477 1082 1664 1135 salubre,

521 1154 669 1204 Qualis
703 1160 794 1195 erat
829 1153 1018 1207 Capuae,
1054 1153 1180 1206 quale
1215 1153 1411 1194 Crotonis
1445 1159 1550 1205 erat,

460 1227 527 1267 Me
559 1226 676 1267 iuvat
707 1226 953 1279 inspectare
986 1225 1123 1266 virum
1156 1231 1218 1266 tot
1251 1224 1380 1275 milia,
1416 1238 1591 1278 quorum

520 1297 771 1351 Composuit
802 1297 944 1338 vultus
978 1297 1136 1338 bellica
1171 1297 1291 1349 virgo
1324 1309 1495 1349 graves.

458 1369 529 1411 Nil
547 1370 658 1420 leve,
683 1369 741 1409 nil
763 1382 919 1410 vanum
943 1374 1021 1419 est,
1056 1374 1309 1420 maturaque
1330 1368 1394 1409 vis
1419 1367 1653 1409 animorum

517 1441 646 1482 Nulla
679 1446 801 1481 aetas
834 1439 960 1491 ludis,
993 1439 1298 1492 illecebrisque
1331 1445 1472 1480 vacat.

460 1512 662 1566 Spartani
693 1511 774 1552 ritu
806 1511 967 1565 populi,
1004 1512 1244 1564 qualesque
1279 1510 1419 1552 severi

516 1583 723 1625 Vixerunt
756 1583 855 1624 olim
887 1596 973 1623 non
1007 1582 1099 1623 sine
1135 1581 1264 1623 laude
1298 1581 1446 1633 Cures,

457 1655 613 1709 Turpis
646 1654 846 1696 adulterii
877 1654 948 1695 Vix
980 1654 1155 1695 nomina
1189 1660 1304 1701 nota,
1336 1666 1417 1694 nec
1449 1652 1537 1693 ulla

516 1727 653 1767 Fraus
686 1726 959 1780 innuptarum
994 1731 1155 1767 structa
1187 1725 1405 1779 pudicitae
1440 1729 1518 1775 est,

457 1798 602 1851 Larga
629 1798 920 1850 frequensque
949 1796 1034 1837 Dei
1054 1809 1163 1849 gens
1186 1803 1228 1837 et
1256 1796 1487 1850 purissima
1510 1795 1661 1837 cultrix

515 1869 699 1911 Parcere
734 1869 862 1910 docta
894 1868 989 1922 piis,
1024 1868 1205 1922 perdere
1239 1874 1435 1921 prompta
1469 1867 1617 1908 malos.

460 1941 504 1982 Si
527 1954 612 1994 qua
633 1941 676 1981 in
699 1946 828 1994 gente
853 1939 924 1980 diu
947 1945 1122 1993 poteras
1144 1939 1327 1980 Astraea
1350 1952 1538 1990 manere,
1562 1938 1672 1979 haec

517 2013 630 2066 Apta
663 2011 829 2063 domus,
864 2011 1030 2052 coelum
1064 2011 1106 2051 ni
1139 2011 1388 2065 placuisset,
1424 2016 1527 2051 erat.

907 2177 979 2218 Ad
1011 2177 1202 2218 eundem.

592 2275 683 2316 Nec
716 2275 835 2315 lusus
868 2273 958 2325 tibi,
992 2286 1072 2314 nec
1104 2273 1221 2315 iocos
1254 2278 1412 2327 poetae

591 2346 682 2387 Nec
714 2358 864 2386 versus
897 2344 1093 2396 humiles,
1129 2350 1170 2385 et
1202 2344 1321 2385 hisce
1355 2344 1527 2384 mittant

592 2417 729 2471 Nugis
762 2416 1020 2467 consimiles,
1054 2416 1182 2456 inane
1215 2416 1386 2465 lemma,

591 2489 680 2530 Iam
715 2501 795 2529 nec
827 2487 1047 2528 materiem
1082 2486 1163 2528 sibi
1197 2493 1428 2539 qaerantur

594 2558 818 2601 Scribendi
850 2559 919 2600 vel
950 2558 1150 2599 idoneam
1184 2557 1347 2610 negari,

591 2631 757 2671 Heroas
790 2629 1009 2671 celebrent
1040 2629 1101 2669 uti
1132 2634 1340 2678 vetustos,

592 2701 771 2743 Alciden
803 2706 921 2755 puta,
954 2700 1241 2752 Liberumque
1274 2705 1453 2753 patrem,

591 2774 761 2814 Fortem
794 2772 981 2823 Thesea,
1015 2771 1274 2823 Theseoque
1307 2776 1466 2821 natum,

590 2845 643 2885 Et
676 2856 953 2896 quoscunque
987 2842 1095 2883 alios
1128 2842 1282 2896 probat
1308 2846 1519 2893 vetustas,

590 2915 674 2956 Aut
707 2928 813 2967 quos
847 2913 1119 2967 Graiugenae
1154 2918 1311 2954 canunt
1344 2911 1503 2954 diserti.
