<?xml version="1.0" encoding="UTF-8"?>
<!DOCTYPE html PUBLIC "-//W3C//DTD XHTML 1.0 Transitional//EN"
    "http://www.w3.org/TR/xhtml1/DTD/xhtml1-transitional.dtd">
<html xmlns="http://www.w3.org/1999/xhtml" xml:lang="en" lang="en">
 <head>
  <title>
</title>
<meta http-equiv="Content-Type" content="text/html;charset=utf-8" />
  <meta name='ocr-system' content='tesseract 3.04.00' />
  <meta name='ocr-capabilities' content='ocr_page ocr_carea ocr_par ocr_line ocrx_word'/>
</head>
<body>
  <div class='ocr_page' id='page_1' title='image "analectanovaadhi00beuoft_0250.png"; bbox 0 0 1955 3278; ppageno 0'>
   <div class='ocr_carea' id='block_1_1' title="bbox 381 432 445 464">
    <p class='ocr_par' dir='ltr' id='par_1_1' title="bbox 381 432 445 464">
     <span class='ocr_line' id='line_1_1' title="bbox 381 432 445 464; baseline 0 0"><span class='ocrx_word' id='word_1_1' title='bbox 381 432 445 464; x_wconf 83' lang='lat'>115</span> 
     </span>
    </p>
   </div>
   <div class='ocr_carea' id='block_1_2' title="bbox 381 790 447 824">
    <p class='ocr_par' dir='ltr' id='par_1_2' title="bbox 381 790 447 824">
     <span class='ocr_line' id='line_1_2' title="bbox 381 790 447 824; baseline 0.015 -1"><span class='ocrx_word' id='word_1_2' title='bbox 381 790 447 824; x_wconf 71' lang='lat'>120</span> 
     </span>
    </p>
   </div>
   <div class='ocr_carea' id='block_1_3' title="bbox 383 1502 449 1536">
    <p class='ocr_par' dir='ltr' id='par_1_3' title="bbox 383 1502 449 1536">
     <span class='ocr_line' id='line_1_3' title="bbox 383 1502 449 1536; baseline 0.015 -1"><span class='ocrx_word' id='word_1_3' title='bbox 383 1502 449 1536; x_wconf 82' lang='lat'>130</span> 
     </span>
    </p>
   </div>
   <div class='ocr_carea' id='block_1_4' title="bbox 384 1858 448 1892">
    <p class='ocr_par' dir='ltr' id='par_1_4' title="bbox 384 1858 448 1892">
     <span class='ocr_line' id='line_1_4' title="bbox 384 1858 448 1892; baseline -0.016 0"><span class='ocrx_word' id='word_1_4' title='bbox 384 1858 448 1892; x_wconf 83' lang='lat'>135</span> 
     </span>
    </p>
   </div>
   <div class='ocr_carea' id='block_1_5' title="bbox 384 2213 449 2247">
    <p class='ocr_par' dir='ltr' id='par_1_5' title="bbox 384 2213 449 2247">
     <span class='ocr_line' id='line_1_5' title="bbox 384 2213 449 2247; baseline 0.015 -1"><span class='ocrx_word' id='word_1_5' title='bbox 384 2213 449 2247; x_wconf 82' lang='lat'>140</span> 
     </span>
    </p>
   </div>
   <div class='ocr_carea' id='block_1_6' title="bbox 384 2570 449 2603">
    <p class='ocr_par' dir='ltr' id='par_1_6' title="bbox 384 2570 449 2603">
     <span class='ocr_line' id='line_1_6' title="bbox 384 2570 449 2603; baseline 0 0"><span class='ocrx_word' id='word_1_6' title='bbox 384 2570 449 2603; x_wconf 84' lang='lat'>145</span> 
     </span>
    </p>
   </div>
   <div class='ocr_carea' id='block_1_7' title="bbox 387 2925 452 2957">
    <p class='ocr_par' dir='ltr' id='par_1_7' title="bbox 387 2925 452 2957">
     <span class='ocr_line' id='line_1_7' title="bbox 387 2925 452 2957; baseline 0 0"><span class='ocrx_word' id='word_1_7' title='bbox 387 2925 452 2957; x_wconf 73' lang='lat'>1:30</span> 
     </span>
    </p>
   </div>
   <div class='ocr_carea' id='block_1_8' title="bbox 497 278 1744 1115">
    <p class='ocr_par' dir='ltr' id='par_1_8' title="bbox 497 278 1744 394">
     <span class='ocr_line' id='line_1_8' title="bbox 497 278 1744 334; baseline 0.003 -15"><span class='ocrx_word' id='word_1_8' title='bbox 497 279 577 329; x_wconf 76' lang='lat' dir='ltr'>Qui</span> <span class='ocrx_word' id='word_1_9' title='bbox 610 278 750 320; x_wconf 86' lang='lat' dir='ltr'>fuerat</span> <span class='ocrx_word' id='word_1_10' title='bbox 773 279 987 332; x_wconf 81' lang='lat' dir='ltr'>quondam</span> <span class='ocrx_word' id='word_1_11' title='bbox 1012 280 1206 321; x_wconf 87' lang='lat' dir='ltr'>dominus</span> <span class='ocrx_word' id='word_1_12' title='bbox 1234 293 1502 333; x_wconf 87' lang='lat' dir='ltr'>magnusque</span> <span class='ocrx_word' id='word_1_13' title='bbox 1525 287 1744 334; x_wconf 88' lang='lat' dir='ltr'>patronus,</span> 
     </span>
     <span class='ocr_line' id='line_1_9' title="bbox 555 350 1669 394; baseline 0.002 -3"><span class='ocrx_word' id='word_1_14' title='bbox 555 350 645 391; x_wconf 89' lang='lat' dir='ltr'>Iam</span> <span class='ocrx_word' id='word_1_15' title='bbox 677 351 793 392; x_wconf 84' lang='lat' dir='ltr'>lacer</span> <span class='ocrx_word' id='word_1_16' title='bbox 825 350 1068 392; x_wconf 79' lang='lat' dir='ltr'>immundae</span> <span class='ocrx_word' id='word_1_17' title='bbox 1102 364 1251 392; x_wconf 85' lang='lat' dir='ltr'>servus</span> <span class='ocrx_word' id='word_1_18' title='bbox 1285 351 1493 392; x_wconf 79' lang='lat' dir='ltr'>adhaeret</span> <span class='ocrx_word' id='word_1_19' title='bbox 1525 351 1669 394; x_wconf 86' lang='lat' dir='ltr'>harae.</span> 
     </span>
    </p>

    <p class='ocr_par' dir='ltr' id='par_1_9' title="bbox 498 421 1602 546">
     <span class='ocr_line' id='line_1_10' title="bbox 498 421 1574 474; baseline 0.001 -12"><span class='ocrx_word' id='word_1_20' title='bbox 498 422 591 462; x_wconf 84' lang='lat' dir='ltr'>Non</span> <span class='ocrx_word' id='word_1_21' title='bbox 625 421 846 462; x_wconf 87' lang='lat' dir='ltr'>celebrant</span> <span class='ocrx_word' id='word_1_22' title='bbox 879 422 989 462; x_wconf 87' lang='lat' dir='ltr'>ultra</span> <span class='ocrx_word' id='word_1_23' title='bbox 1020 423 1164 463; x_wconf 88' lang='lat' dir='ltr'>lautae</span> <span class='ocrx_word' id='word_1_24' title='bbox 1198 421 1394 463; x_wconf 74' lang='lat' dir='ltr'>convivia</span> <span class='ocrx_word' id='word_1_25' title='bbox 1427 435 1574 474; x_wconf 87' lang='lat' dir='ltr'>cenae,</span> 
     </span>
     <span class='ocr_line' id='line_1_11' title="bbox 557 492 1602 546; baseline 0.002 -13"><span class='ocrx_word' id='word_1_26' title='bbox 557 493 648 534; x_wconf 81' lang='lat' dir='ltr'>Nec</span> <span class='ocrx_word' id='word_1_27' title='bbox 682 492 911 546; x_wconf 81' lang='lat' dir='ltr'>splendent</span> <span class='ocrx_word' id='word_1_28' title='bbox 943 506 1050 546; x_wconf 90' lang='lat' dir='ltr'>puro</span> <span class='ocrx_word' id='word_1_29' title='bbox 1083 493 1207 534; x_wconf 86' lang='lat' dir='ltr'>fusca</span> <span class='ocrx_word' id='word_1_30' title='bbox 1239 493 1449 546; x_wconf 85' lang='lat' dir='ltr'>phalerna</span> <span class='ocrx_word' id='word_1_31' title='bbox 1480 493 1602 535; x_wconf 85' lang='lat' dir='ltr'>vitro.</span> 
     </span>
    </p>

    <p class='ocr_par' dir='ltr' id='par_1_10' title="bbox 499 564 1633 689">
     <span class='ocr_line' id='line_1_12' title="bbox 499 564 1633 617; baseline -0.002 -10"><span class='ocrx_word' id='word_1_32' title='bbox 499 565 585 607; x_wconf 80' lang='lat' dir='ltr'>Sed</span> <span class='ocrx_word' id='word_1_33' title='bbox 617 564 771 605; x_wconf 82' lang='lat' dir='ltr'>tacitos</span> <span class='ocrx_word' id='word_1_34' title='bbox 803 570 919 605; x_wconf 91' lang='lat' dir='ltr'>muto</span> <span class='ocrx_word' id='word_1_35' title='bbox 952 564 1127 605; x_wconf 87' lang='lat' dir='ltr'>volvunt</span> <span class='ocrx_word' id='word_1_36' title='bbox 1159 564 1201 605; x_wconf 93' lang='lat' dir='ltr'>in</span> <span class='ocrx_word' id='word_1_37' title='bbox 1235 571 1408 617; x_wconf 80' lang='lat' dir='ltr'>pectore</span> <span class='ocrx_word' id='word_1_38' title='bbox 1443 571 1633 617; x_wconf 69' lang='lat' dir='ltr'>questus,</span> 
     </span>
     <span class='ocr_line' id='line_1_13' title="bbox 557 635 1551 689; baseline 0.001 -13"><span class='ocrx_word' id='word_1_39' title='bbox 557 635 746 685; x_wconf 78' lang='lat' dir='ltr'>Quilibet</span> <span class='ocrx_word' id='word_1_40' title='bbox 778 639 906 687; x_wconf 89' lang='lat' dir='ltr'>atque</span> <span class='ocrx_word' id='word_1_41' title='bbox 939 635 1055 688; x_wconf 88' lang='lat' dir='ltr'>cupit</span> <span class='ocrx_word' id='word_1_42' title='bbox 1087 635 1219 675; x_wconf 89' lang='lat' dir='ltr'>tristis</span> <span class='ocrx_word' id='word_1_43' title='bbox 1252 635 1356 676; x_wconf 89' lang='lat' dir='ltr'>inire</span> <span class='ocrx_word' id='word_1_44' title='bbox 1391 635 1551 689; x_wconf 80' lang='lat' dir='ltr'>fugam.</span> 
     </span>
    </p>

    <p class='ocr_par' dir='ltr' id='par_1_11' title="bbox 498 706 1565 831">
     <span class='ocr_line' id='line_1_14' title="bbox 498 706 1565 760; baseline -0.002 -11"><span class='ocrx_word' id='word_1_45' title='bbox 498 709 592 749; x_wconf 91' lang='lat' dir='ltr'>Non</span> <span class='ocrx_word' id='word_1_46' title='bbox 626 707 688 749; x_wconf 89' lang='lat' dir='ltr'>sic</span> <span class='ocrx_word' id='word_1_47' title='bbox 720 706 852 747; x_wconf 85' lang='lat' dir='ltr'>tristis</span> <span class='ocrx_word' id='word_1_48' title='bbox 886 712 978 747; x_wconf 89' lang='lat' dir='ltr'>erat</span> <span class='ocrx_word' id='word_1_49' title='bbox 1010 706 1169 748; x_wconf 79' lang='lat' dir='ltr'>deserti</span> <span class='ocrx_word' id='word_1_50' title='bbox 1202 707 1244 747; x_wconf 92' lang='lat' dir='ltr'>in</span> <span class='ocrx_word' id='word_1_51' title='bbox 1278 707 1430 748; x_wconf 88' lang='lat' dir='ltr'>littoris</span> <span class='ocrx_word' id='word_1_52' title='bbox 1464 708 1565 760; x_wconf 88' lang='lat' dir='ltr'>alga</span> 
     </span>
     <span class='ocr_line' id='line_1_15' title="bbox 556 776 1372 831; baseline -0.002 -11"><span class='ocrx_word' id='word_1_53' title='bbox 556 778 746 831; x_wconf 78' lang='lat' dir='ltr'>Alcyone</span> <span class='ocrx_word' id='word_1_54' title='bbox 780 776 916 830; x_wconf 90' lang='lat' dir='ltr'>rigido</span> <span class='ocrx_word' id='word_1_55' title='bbox 950 777 1235 831; x_wconf 84' lang='lat' dir='ltr'>praecipitata</span> <span class='ocrx_word' id='word_1_56' title='bbox 1268 778 1372 829; x_wconf 77' lang='lat' dir='ltr'>solo,</span> 
     </span>
    </p>

    <p class='ocr_par' dir='ltr' id='par_1_12' title="bbox 498 847 1561 974">
     <span class='ocr_line' id='line_1_16' title="bbox 498 847 1561 901; baseline -0.002 -10"><span class='ocrx_word' id='word_1_57' title='bbox 498 849 721 891; x_wconf 78' lang='lat' dir='ltr'>Fluctibus</span> <span class='ocrx_word' id='word_1_58' title='bbox 755 848 881 889; x_wconf 90' lang='lat' dir='ltr'>eiecti</span> <span class='ocrx_word' id='word_1_59' title='bbox 914 847 1014 889; x_wconf 88' lang='lat' dir='ltr'>dum</span> <span class='ocrx_word' id='word_1_60' title='bbox 1047 854 1241 889; x_wconf 87' lang='lat' dir='ltr'>cerneret</span> <span class='ocrx_word' id='word_1_61' title='bbox 1276 861 1376 889; x_wconf 86' lang='lat' dir='ltr'>ossa</span> <span class='ocrx_word' id='word_1_62' title='bbox 1410 849 1561 901; x_wconf 70' lang='lat' dir='ltr'>mariti,</span> 
     </span>
     <span class='ocr_line' id='line_1_17' title="bbox 558 918 1480 974; baseline 0 -13"><span class='ocrx_word' id='word_1_63' title='bbox 558 921 669 961; x_wconf 90' lang='lat' dir='ltr'>Dum</span> <span class='ocrx_word' id='word_1_64' title='bbox 702 919 866 974; x_wconf 74' lang='lat' dir='ltr'>planxit</span> <span class='ocrx_word' id='word_1_65' title='bbox 899 919 1018 960; x_wconf 86' lang='lat' dir='ltr'>chari</span> <span class='ocrx_word' id='word_1_66' title='bbox 1050 918 1221 960; x_wconf 89' lang='lat' dir='ltr'>fletibus</span> <span class='ocrx_word' id='word_1_67' title='bbox 1255 918 1359 960; x_wconf 90' lang='lat' dir='ltr'>orba</span> <span class='ocrx_word' id='word_1_68' title='bbox 1390 919 1480 961; x_wconf 91' lang='lat' dir='ltr'>viri.</span> 
     </span>
    </p>

    <p class='ocr_par' dir='ltr' id='par_1_13' title="bbox 498 989 1680 1115">
     <span class='ocr_line' id='line_1_18' title="bbox 498 989 1637 1043; baseline -0.001 -10"><span class='ocrx_word' id='word_1_69' title='bbox 498 993 588 1033; x_wconf 89' lang='lat' dir='ltr'>Nec</span> <span class='ocrx_word' id='word_1_70' title='bbox 622 991 683 1032; x_wconf 90' lang='lat' dir='ltr'>sic</span> <span class='ocrx_word' id='word_1_71' title='bbox 714 996 881 1031; x_wconf 90' lang='lat' dir='ltr'>moesta</span> <span class='ocrx_word' id='word_1_72' title='bbox 913 989 993 1030; x_wconf 88' lang='lat' dir='ltr'>fuit</span> <span class='ocrx_word' id='word_1_73' title='bbox 1024 989 1252 1031; x_wconf 87' lang='lat' dir='ltr'>lacrimans</span> <span class='ocrx_word' id='word_1_74' title='bbox 1288 989 1479 1043; x_wconf 83' lang='lat' dir='ltr'>Sydonia</span> <span class='ocrx_word' id='word_1_75' title='bbox 1510 990 1637 1043; x_wconf 81' lang='lat' dir='ltr'>Dido,</span> 
     </span>
     <span class='ocr_line' id='line_1_19' title="bbox 557 1061 1680 1115; baseline 0 -12"><span class='ocrx_word' id='word_1_76' title='bbox 557 1063 668 1103; x_wconf 90' lang='lat' dir='ltr'>Dum</span> <span class='ocrx_word' id='word_1_77' title='bbox 702 1061 873 1115; x_wconf 87' lang='lat' dir='ltr'>fugeret</span> <span class='ocrx_word' id='word_1_78' title='bbox 905 1061 1119 1102; x_wconf 81' lang='lat' dir='ltr'>thalamos</span> <span class='ocrx_word' id='word_1_79' title='bbox 1152 1061 1312 1115; x_wconf 84' lang='lat' dir='ltr'>hospes</span> <span class='ocrx_word' id='word_1_80' title='bbox 1346 1061 1399 1102; x_wconf 91' lang='lat' dir='ltr'>ab</span> <span class='ocrx_word' id='word_1_81' title='bbox 1433 1074 1531 1103; x_wconf 85' lang='lat' dir='ltr'>arce</span> <span class='ocrx_word' id='word_1_82' title='bbox 1565 1075 1680 1103; x_wconf 91' lang='lat' dir='ltr'>suos.</span> 
     </span>
    </p>
   </div>
   <div class='ocr_carea' id='block_1_9' title="bbox 431 1132 1435 1186">
    <p class='ocr_par' dir='ltr' id='par_1_14' title="bbox 431 1132 1435 1186">
     <span class='ocr_line' id='line_1_20' title="bbox 431 1132 1435 1186; baseline -0.002 -11"><span class='ocrx_word' id='word_1_83' title='bbox 431 1145 445 1161; x_wconf 58' lang='lat' dir='ltr'><strong>f</strong></span> <span class='ocrx_word' id='word_1_84' title='bbox 501 1134 620 1175; x_wconf 82' lang='lat' dir='ltr'>Sicut</span> <span class='ocrx_word' id='word_1_85' title='bbox 651 1132 849 1174; x_wconf 87' lang='lat' dir='ltr'>luctificis</span> <span class='ocrx_word' id='word_1_86' title='bbox 881 1132 942 1173; x_wconf 92' lang='lat' dir='ltr'>illi</span> <span class='ocrx_word' id='word_1_87' title='bbox 974 1133 1254 1186; x_wconf 81' lang='lat' dir='ltr'>plangoribus</span> <span class='ocrx_word' id='word_1_88' title='bbox 1288 1145 1435 1174; x_wconf 84' lang='lat' dir='ltr'>omnes</span> 
     </span>
    </p>
   </div>
   <div class='ocr_carea' id='block_1_10' title="bbox 498 1203 1712 2967">
    <p class='ocr_par' dir='ltr' id='par_1_15' title="bbox 557 1203 1393 1259">
     <span class='ocr_line' id='line_1_21' title="bbox 557 1203 1393 1259; baseline -0.002 -13"><span class='ocrx_word' id='word_1_89' title='bbox 557 1206 716 1259; x_wconf 88' lang='lat' dir='ltr'>Iugitet</span> <span class='ocrx_word' id='word_1_90' title='bbox 748 1204 898 1245; x_wconf 88' lang='lat' dir='ltr'>afflicti</span> <span class='ocrx_word' id='word_1_91' title='bbox 929 1203 1101 1245; x_wconf 88' lang='lat' dir='ltr'>fletibus</span> <span class='ocrx_word' id='word_1_92' title='bbox 1135 1217 1209 1244; x_wconf 88' lang='lat' dir='ltr'>ora</span> <span class='ocrx_word' id='word_1_93' title='bbox 1240 1203 1393 1256; x_wconf 89' lang='lat' dir='ltr'>rigant.</span> 
     </span>
    </p>

    <p class='ocr_par' dir='ltr' id='par_1_16' title="bbox 499 1274 1653 1473">
     <span class='ocr_line' id='line_1_22' title="bbox 499 1274 1638 1329; baseline -0.003 -11"><span class='ocrx_word' id='word_1_94' title='bbox 499 1277 595 1318; x_wconf 88' lang='lat' dir='ltr'>Non</span> <span class='ocrx_word' id='word_1_95' title='bbox 630 1277 787 1318; x_wconf 82' lang='lat' dir='ltr'>etenim</span> <span class='ocrx_word' id='word_1_96' title='bbox 820 1275 977 1329; x_wconf 88' lang='lat' dir='ltr'>poterit</span> <span class='ocrx_word' id='word_1_97' title='bbox 1009 1275 1235 1327; x_wconf 85' lang='lat' dir='ltr'>quisquam</span> <span class='ocrx_word' id='word_1_98' title='bbox 1266 1274 1401 1315; x_wconf 91' lang='lat' dir='ltr'>lenire</span> <span class='ocrx_word' id='word_1_99' title='bbox 1436 1274 1638 1326; x_wconf 79' lang='lat' dir='ltr'>dolorem,</span> 
     </span>
     <span class='ocr_line' id='line_1_23' title="bbox 558 1345 1576 1400; baseline -0.002 -11"><span class='ocrx_word' id='word_1_100' title='bbox 558 1348 654 1389; x_wconf 87' lang='lat' dir='ltr'>Non</span> <span class='ocrx_word' id='word_1_101' title='bbox 686 1347 745 1388; x_wconf 90' lang='lat' dir='ltr'>ibi</span> <span class='ocrx_word' id='word_1_102' title='bbox 778 1346 872 1400; x_wconf 90' lang='lat' dir='ltr'>quis</span> <span class='ocrx_word' id='word_1_103' title='bbox 905 1346 1051 1399; x_wconf 90' lang='lat' dir='ltr'>requie</span> <span class='ocrx_word' id='word_1_104' title='bbox 1085 1359 1265 1399; x_wconf 89' lang='lat' dir='ltr'>corpora</span> <span class='ocrx_word' id='word_1_105' title='bbox 1296 1345 1416 1386; x_wconf 84' lang='lat' dir='ltr'>fessa</span> <span class='ocrx_word' id='word_1_106' title='bbox 1447 1346 1576 1388; x_wconf 85' lang='lat' dir='ltr'>levat.</span> 
     </span>
     <span class='ocr_line' id='line_1_24' title="bbox 500 1417 1653 1473; baseline -0.003 -13"><span class='ocrx_word' id='word_1_107' title='bbox 500 1420 714 1473; x_wconf 87' lang='lat' dir='ltr'>Tempora</span> <span class='ocrx_word' id='word_1_108' title='bbox 747 1417 958 1468; x_wconf 72' lang='lat' dir='ltr'>deficiam,</span> <span class='ocrx_word' id='word_1_109' title='bbox 993 1430 1120 1459; x_wconf 86' lang='lat' dir='ltr'>casus</span> <span class='ocrx_word' id='word_1_110' title='bbox 1155 1417 1190 1458; x_wconf 88' lang='lat' dir='ltr'>si</span> <span class='ocrx_word' id='word_1_111' title='bbox 1222 1430 1459 1471; x_wconf 88' lang='lat' dir='ltr'>persequar</span> <span class='ocrx_word' id='word_1_112' title='bbox 1491 1430 1653 1468; x_wconf 82' lang='lat' dir='ltr'>omnes,</span> 
     </span>
    </p>

    <p class='ocr_par' dir='ltr' id='par_1_17' title="bbox 498 1488 1712 2967">
     <span class='ocr_line' id='line_1_25' title="bbox 558 1488 1682 1543; baseline -0.002 -11"><span class='ocrx_word' id='word_1_113' title='bbox 558 1491 740 1543; x_wconf 79' lang='lat' dir='ltr'>Nonque</span> <span class='ocrx_word' id='word_1_114' title='bbox 773 1489 888 1543; x_wconf 86' lang='lat' dir='ltr'>capit</span> <span class='ocrx_word' id='word_1_115' title='bbox 920 1502 1093 1530; x_wconf 88' lang='lat' dir='ltr'>carmen</span> <span class='ocrx_word' id='word_1_116' title='bbox 1125 1488 1307 1530; x_wconf 89' lang='lat' dir='ltr'>tormina</span> <span class='ocrx_word' id='word_1_117' title='bbox 1341 1494 1496 1529; x_wconf 84' lang='lat' dir='ltr'>cuncta</span> <span class='ocrx_word' id='word_1_118' title='bbox 1528 1501 1682 1530; x_wconf 86' lang='lat' dir='ltr'>meum.</span> 
     </span>
     <span class='ocr_line' id='line_1_26' title="bbox 500 1559 1712 1614; baseline -0.002 -11"><span class='ocrx_word' id='word_1_119' title='bbox 500 1562 608 1603; x_wconf 90' lang='lat' dir='ltr'>Nam</span> <span class='ocrx_word' id='word_1_120' title='bbox 642 1574 770 1614; x_wconf 90' lang='lat' dir='ltr'>quum</span> <span class='ocrx_word' id='word_1_121' title='bbox 803 1561 981 1614; x_wconf 88' lang='lat' dir='ltr'>pallenti</span> <span class='ocrx_word' id='word_1_122' title='bbox 1014 1574 1040 1601; x_wconf 88' lang='lat' dir='ltr'>a</span> <span class='ocrx_word' id='word_1_123' title='bbox 1072 1559 1218 1601; x_wconf 90' lang='lat' dir='ltr'>morbo</span> <span class='ocrx_word' id='word_1_124' title='bbox 1252 1559 1536 1614; x_wconf 83' lang='lat' dir='ltr'>prosternitur</span> <span class='ocrx_word' id='word_1_125' title='bbox 1567 1572 1712 1613; x_wconf 84' lang='lat' dir='ltr'>aeger,</span> 
     </span>
     <span class='ocr_line' id='line_1_27' title="bbox 559 1631 1464 1687; baseline -0.003 -13"><span class='ocrx_word' id='word_1_126' title='bbox 559 1634 641 1674; x_wconf 86' lang='lat' dir='ltr'>Aut</span> <span class='ocrx_word' id='word_1_127' title='bbox 674 1645 776 1687; x_wconf 88' lang='lat' dir='ltr'>spes</span> <span class='ocrx_word' id='word_1_128' title='bbox 807 1631 972 1673; x_wconf 88' lang='lat' dir='ltr'>infirmo</span> <span class='ocrx_word' id='word_1_129' title='bbox 1005 1631 1123 1672; x_wconf 87' lang='lat' dir='ltr'>nulla</span> <span class='ocrx_word' id='word_1_130' title='bbox 1156 1631 1306 1672; x_wconf 88' lang='lat' dir='ltr'>salutis</span> <span class='ocrx_word' id='word_1_131' title='bbox 1338 1631 1464 1672; x_wconf 87' lang='lat' dir='ltr'>inest.</span> 
     </span>
     <span class='ocr_line' id='line_1_28' title="bbox 500 1701 1613 1754; baseline -0.002 -8"><span class='ocrx_word' id='word_1_132' title='bbox 500 1704 700 1746; x_wconf 86' lang='lat' dir='ltr'>Mollibus</span> <span class='ocrx_word' id='word_1_133' title='bbox 732 1703 874 1744; x_wconf 87' lang='lat' dir='ltr'>nullus</span> <span class='ocrx_word' id='word_1_134' title='bbox 907 1702 1033 1743; x_wconf 89' lang='lat' dir='ltr'>adest</span> <span class='ocrx_word' id='word_1_135' title='bbox 1064 1702 1149 1744; x_wconf 87' lang='lat' dir='ltr'>illic</span> <span class='ocrx_word' id='word_1_136' title='bbox 1181 1701 1422 1743; x_wconf 88' lang='lat' dir='ltr'>Podalirius</span> <span class='ocrx_word' id='word_1_137' title='bbox 1455 1701 1613 1754; x_wconf 83' lang='lat' dir='ltr'>herbis,</span> 
     </span>
     <span class='ocr_line' id='line_1_29' title="bbox 556 1773 1604 1828; baseline -0.003 -11"><span class='ocrx_word' id='word_1_138' title='bbox 556 1775 751 1817; x_wconf 81' lang='lat' dir='ltr'>Morbida</span> <span class='ocrx_word' id='word_1_139' title='bbox 784 1774 855 1828; x_wconf 88' lang='lat' dir='ltr'>qui</span> <span class='ocrx_word' id='word_1_140' title='bbox 888 1779 1036 1828; x_wconf 89' lang='lat' dir='ltr'>posset</span> <span class='ocrx_word' id='word_1_141' title='bbox 1069 1774 1258 1815; x_wconf 89' lang='lat' dir='ltr'>membra</span> <span class='ocrx_word' id='word_1_142' title='bbox 1290 1773 1464 1815; x_wconf 88' lang='lat' dir='ltr'>medere</span> <span class='ocrx_word' id='word_1_143' title='bbox 1497 1773 1604 1827; x_wconf 93' lang='lat' dir='ltr'>pius.</span> 
     </span>
     <span class='ocr_line' id='line_1_30' title="bbox 498 1845 1562 1898; baseline -0.003 -10"><span class='ocrx_word' id='word_1_144' title='bbox 498 1848 626 1888; x_wconf 84' lang='lat' dir='ltr'>Nulla</span> <span class='ocrx_word' id='word_1_145' title='bbox 659 1846 857 1888; x_wconf 90' lang='lat' dir='ltr'>crudeles</span> <span class='ocrx_word' id='word_1_146' title='bbox 889 1845 1087 1886; x_wconf 88' lang='lat' dir='ltr'>Thurcae</span> <span class='ocrx_word' id='word_1_147' title='bbox 1120 1845 1281 1898; x_wconf 87' lang='lat' dir='ltr'>pietate</span> <span class='ocrx_word' id='word_1_148' title='bbox 1314 1851 1562 1894; x_wconf 76' lang='lat' dir='ltr'>moventur3</span> 
     </span>
     <span class='ocr_line' id='line_1_31' title="bbox 557 1915 1457 1970; baseline -0.003 -11"><span class='ocrx_word' id='word_1_149' title='bbox 557 1918 648 1959; x_wconf 92' lang='lat' dir='ltr'>Illic</span> <span class='ocrx_word' id='word_1_150' title='bbox 680 1923 904 1959; x_wconf 87' lang='lat' dir='ltr'>mansveto</span> <span class='ocrx_word' id='word_1_151' title='bbox 937 1922 1112 1970; x_wconf 87' lang='lat' dir='ltr'>pectore</span> <span class='ocrx_word' id='word_1_152' title='bbox 1146 1916 1286 1957; x_wconf 89' lang='lat' dir='ltr'>nullus</span> <span class='ocrx_word' id='word_1_153' title='bbox 1320 1915 1457 1957; x_wconf 87' lang='lat' dir='ltr'>adest.</span> 
     </span>
     <span class='ocr_line' id='line_1_32' title="bbox 500 1987 1513 2042; baseline -0.004 -11"><span class='ocrx_word' id='word_1_154' title='bbox 500 1989 692 2031; x_wconf 88' lang='lat' dir='ltr'>Infantes</span> <span class='ocrx_word' id='word_1_155' title='bbox 725 1988 881 2042; x_wconf 85' lang='lat' dir='ltr'>gladiis</span> <span class='ocrx_word' id='word_1_156' title='bbox 914 1994 1124 2030; x_wconf 82' lang='lat' dir='ltr'>mactatos</span> <span class='ocrx_word' id='word_1_157' title='bbox 1157 1987 1355 2028; x_wconf 88' lang='lat' dir='ltr'>mollibus</span> <span class='ocrx_word' id='word_1_158' title='bbox 1389 1987 1513 2028; x_wconf 88' lang='lat' dir='ltr'>annis</span> 
     </span>
     <span class='ocr_line' id='line_1_33' title="bbox 559 2058 1600 2113; baseline -0.002 -12"><span class='ocrx_word' id='word_1_159' title='bbox 559 2061 773 2113; x_wconf 87' lang='lat' dir='ltr'>Plangere</span> <span class='ocrx_word' id='word_1_160' title='bbox 806 2073 891 2101; x_wconf 93' lang='lat' dir='ltr'>non</span> <span class='ocrx_word' id='word_1_161' title='bbox 924 2059 1055 2100; x_wconf 85' lang='lat' dir='ltr'>audet</span> <span class='ocrx_word' id='word_1_162' title='bbox 1086 2058 1258 2100; x_wconf 87' lang='lat' dir='ltr'>fletibus</span> <span class='ocrx_word' id='word_1_163' title='bbox 1292 2058 1398 2099; x_wconf 90' lang='lat' dir='ltr'>orba</span> <span class='ocrx_word' id='word_1_164' title='bbox 1429 2071 1600 2112; x_wconf 89' lang='lat' dir='ltr'>parens.</span> 
     </span>
     <span class='ocr_line' id='line_1_34' title="bbox 499 2129 1676 2181; baseline -0.003 -8"><span class='ocrx_word' id='word_1_165' title='bbox 499 2132 593 2173; x_wconf 89' lang='lat' dir='ltr'>Non</span> <span class='ocrx_word' id='word_1_166' title='bbox 626 2131 809 2172; x_wconf 88' lang='lat' dir='ltr'>Pharius</span> <span class='ocrx_word' id='word_1_167' title='bbox 841 2136 1005 2171; x_wconf 88' lang='lat' dir='ltr'>tantum</span> <span class='ocrx_word' id='word_1_168' title='bbox 1040 2130 1196 2171; x_wconf 86' lang='lat' dir='ltr'>Christi</span> <span class='ocrx_word' id='word_1_169' title='bbox 1230 2129 1434 2171; x_wconf 82' lang='lat' dir='ltr'>cruciavit</span> <span class='ocrx_word' id='word_1_170' title='bbox 1467 2130 1676 2181; x_wconf 80' lang='lat' dir='ltr'>alumnos,</span> 
     </span>
     <span class='ocr_line' id='line_1_35' title="bbox 561 2200 1569 2254; baseline -0.002 -10"><span class='ocrx_word' id='word_1_171' title='bbox 561 2202 698 2244; x_wconf 87' lang='lat' dir='ltr'>Corde</span> <span class='ocrx_word' id='word_1_172' title='bbox 731 2201 810 2243; x_wconf 89' lang='lat' dir='ltr'>fuit</span> <span class='ocrx_word' id='word_1_173' title='bbox 843 2201 1037 2254; x_wconf 87' lang='lat' dir='ltr'>quamvis</span> <span class='ocrx_word' id='word_1_174' title='bbox 1071 2200 1201 2242; x_wconf 88' lang='lat' dir='ltr'>durus</span> <span class='ocrx_word' id='word_1_175' title='bbox 1235 2207 1276 2242; x_wconf 89' lang='lat' dir='ltr'>et</span> <span class='ocrx_word' id='word_1_176' title='bbox 1310 2213 1381 2241; x_wconf 88' lang='lat' dir='ltr'>ore</span> <span class='ocrx_word' id='word_1_177' title='bbox 1416 2200 1569 2242; x_wconf 85' lang='lat' dir='ltr'>minax.</span> 
     </span>
     <span class='ocr_line' id='line_1_36' title="bbox 501 2272 1684 2326; baseline -0.003 -11"><span class='ocrx_word' id='word_1_178' title='bbox 501 2273 858 2326; x_wconf 82' lang='lat' dir='ltr'>Quandoquidem</span> <span class='ocrx_word' id='word_1_179' title='bbox 891 2272 1090 2326; x_wconf 87' lang='lat' dir='ltr'>prohibet</span> <span class='ocrx_word' id='word_1_180' title='bbox 1122 2285 1278 2325; x_wconf 91' lang='lat' dir='ltr'>magno</span> <span class='ocrx_word' id='word_1_181' title='bbox 1312 2272 1472 2314; x_wconf 85' lang='lat' dir='ltr'>servire</span> <span class='ocrx_word' id='word_1_182' title='bbox 1505 2272 1684 2323; x_wconf 81' lang='lat' dir='ltr'>tonanti⁷</span> 
     </span>
     <span class='ocr_line' id='line_1_37' title="bbox 560 2342 1570 2398; baseline -0.002 -12"><span class='ocrx_word' id='word_1_183' title='bbox 560 2345 746 2398; x_wconf 89' lang='lat' dir='ltr'>Virginis</span> <span class='ocrx_word' id='word_1_184' title='bbox 779 2350 822 2385; x_wconf 88' lang='lat' dir='ltr'>et</span> <span class='ocrx_word' id='word_1_185' title='bbox 853 2357 1008 2385; x_wconf 90' lang='lat' dir='ltr'>nomen</span> <span class='ocrx_word' id='word_1_186' title='bbox 1040 2343 1125 2384; x_wconf 87' lang='lat' dir='ltr'>iam</span> <span class='ocrx_word' id='word_1_187' title='bbox 1158 2356 1394 2384; x_wconf 89' lang='lat' dir='ltr'>memorare</span> <span class='ocrx_word' id='word_1_188' title='bbox 1427 2342 1570 2393; x_wconf 82' lang='lat' dir='ltr'>ferus3</span> 
     </span>
     <span class='ocr_line' id='line_1_38' title="bbox 500 2413 1653 2468; baseline -0.003 -11"><span class='ocrx_word' id='word_1_189' title='bbox 500 2417 595 2459; x_wconf 91' lang='lat' dir='ltr'>Non</span> <span class='ocrx_word' id='word_1_190' title='bbox 629 2416 803 2458; x_wconf 87' lang='lat' dir='ltr'>meritas</span> <span class='ocrx_word' id='word_1_191' title='bbox 836 2414 966 2456; x_wconf 89' lang='lat' dir='ltr'>audet</span> <span class='ocrx_word' id='word_1_192' title='bbox 999 2413 1167 2455; x_wconf 88' lang='lat' dir='ltr'>Christo</span> <span class='ocrx_word' id='word_1_193' title='bbox 1201 2414 1453 2468; x_wconf 88' lang='lat' dir='ltr'>depromere</span> <span class='ocrx_word' id='word_1_194' title='bbox 1486 2413 1653 2465; x_wconf 82' lang='lat' dir='ltr'>laudes,</span> 
     </span>
     <span class='ocr_line' id='line_1_39' title="bbox 559 2484 1556 2540; baseline -0.004 -12"><span class='ocrx_word' id='word_1_195' title='bbox 559 2487 711 2528; x_wconf 89' lang='lat' dir='ltr'>Nullus</span> <span class='ocrx_word' id='word_1_196' title='bbox 744 2486 799 2527; x_wconf 86' lang='lat' dir='ltr'>ad</span> <span class='ocrx_word' id='word_1_197' title='bbox 831 2485 1038 2540; x_wconf 89' lang='lat' dir='ltr'>igniferos</span> <span class='ocrx_word' id='word_1_198' title='bbox 1070 2498 1229 2539; x_wconf 89' lang='lat' dir='ltr'>ponere</span> <span class='ocrx_word' id='word_1_199' title='bbox 1266 2498 1390 2526; x_wconf 87' lang='lat' dir='ltr'>sacra</span> <span class='ocrx_word' id='word_1_200' title='bbox 1421 2484 1556 2527; x_wconf 90' lang='lat' dir='ltr'>focos.</span> 
     </span>
     <span class='ocr_line' id='line_1_40' title="bbox 501 2556 1710 2610; baseline -0.002 -10"><span class='ocrx_word' id='word_1_201' title='bbox 501 2558 699 2600; x_wconf 86' lang='lat' dir='ltr'>Fundere</span> <span class='ocrx_word' id='word_1_202' title='bbox 733 2570 817 2598; x_wconf 91' lang='lat' dir='ltr'>non</span> <span class='ocrx_word' id='word_1_203' title='bbox 850 2557 999 2598; x_wconf 88' lang='lat' dir='ltr'>dulces</span> <span class='ocrx_word' id='word_1_204' title='bbox 1032 2556 1212 2610; x_wconf 89' lang='lat' dir='ltr'>hymnos</span> <span class='ocrx_word' id='word_1_205' title='bbox 1246 2562 1483 2609; x_wconf 85' lang='lat' dir='ltr'>cantusque</span> <span class='ocrx_word' id='word_1_206' title='bbox 1517 2569 1710 2608; x_wconf 75' lang='lat' dir='ltr'>sonoros,</span> 
     </span>
     <span class='ocr_line' id='line_1_41' title="bbox 560 2628 1523 2683; baseline -0.003 -12"><span class='ocrx_word' id='word_1_207' title='bbox 560 2630 651 2671; x_wconf 89' lang='lat' dir='ltr'>Nec</span> <span class='ocrx_word' id='word_1_208' title='bbox 683 2629 884 2683; x_wconf 89' lang='lat' dir='ltr'>precibus</span> <span class='ocrx_word' id='word_1_209' title='bbox 917 2628 1131 2670; x_wconf 91' lang='lat' dir='ltr'>dominum</span> <span class='ocrx_word' id='word_1_210' title='bbox 1166 2628 1396 2669; x_wconf 88' lang='lat' dir='ltr'>sollicitare</span> <span class='ocrx_word' id='word_1_211' title='bbox 1428 2628 1523 2682; x_wconf 89' lang='lat' dir='ltr'>piis.</span> 
     </span>
     <span class='ocr_line' id='line_1_42' title="bbox 503 2698 1568 2754; baseline -0.003 -12"><span class='ocrx_word' id='word_1_212' title='bbox 503 2702 597 2743; x_wconf 91' lang='lat' dir='ltr'>Non</span> <span class='ocrx_word' id='word_1_213' title='bbox 629 2700 688 2742; x_wconf 91' lang='lat' dir='ltr'>ibi</span> <span class='ocrx_word' id='word_1_214' title='bbox 719 2700 903 2754; x_wconf 88' lang='lat' dir='ltr'>fulgenti</span> <span class='ocrx_word' id='word_1_215' title='bbox 935 2700 1163 2741; x_wconf 85' lang='lat' dir='ltr'>decoratus</span> <span class='ocrx_word' id='word_1_216' title='bbox 1196 2705 1316 2740; x_wconf 89' lang='lat' dir='ltr'>veste</span> <span class='ocrx_word' id='word_1_217' title='bbox 1350 2698 1568 2750; x_wconf 87' lang='lat' dir='ltr'>sacerdos,</span> 
     </span>
     <span class='ocr_line' id='line_1_43' title="bbox 561 2769 1362 2825; baseline -0.004 -12"><span class='ocrx_word' id='word_1_218' title='bbox 561 2771 702 2813; x_wconf 89' lang='lat' dir='ltr'>Audet</span> <span class='ocrx_word' id='word_1_219' title='bbox 736 2771 953 2825; x_wconf 88' lang='lat' dir='ltr'>stelligero</span> <span class='ocrx_word' id='word_1_220' title='bbox 988 2769 1230 2812; x_wconf 87' lang='lat' dir='ltr'>sacrificare</span> <span class='ocrx_word' id='word_1_221' title='bbox 1264 2770 1362 2811; x_wconf 88' lang='lat' dir='ltr'>Iovi.</span> 
     </span>
     <span class='ocr_line' id='line_1_44' title="bbox 502 2839 1632 2895; baseline -0.003 -12"><span class='ocrx_word' id='word_1_222' title='bbox 502 2843 852 2895; x_wconf 88' lang='lat' dir='ltr'>Psallentumque</span> <span class='ocrx_word' id='word_1_223' title='bbox 886 2841 1003 2883; x_wconf 89' lang='lat' dir='ltr'>chori</span> <span class='ocrx_word' id='word_1_224' title='bbox 1035 2847 1259 2882; x_wconf 85' lang='lat' dir='ltr'>cessarunt</span> <span class='ocrx_word' id='word_1_225' title='bbox 1292 2840 1434 2882; x_wconf 88' lang='lat' dir='ltr'>dicere</span> <span class='ocrx_word' id='word_1_226' title='bbox 1466 2839 1632 2891; x_wconf 73' lang='lat' dir='ltr'>laudes,</span> 
     </span>
     <span class='ocr_line' id='line_1_45' title="bbox 561 2912 1614 2967; baseline -0.004 -13"><span class='ocrx_word' id='word_1_227' title='bbox 561 2914 653 2955; x_wconf 86' lang='lat' dir='ltr'>Nec</span> <span class='ocrx_word' id='word_1_228' title='bbox 685 2913 859 2967; x_wconf 84' lang='lat' dir='ltr'>capiunt</span> <span class='ocrx_word' id='word_1_229' title='bbox 891 2925 991 2953; x_wconf 85' lang='lat' dir='ltr'>arae</span> <span class='ocrx_word' id='word_1_230' title='bbox 1023 2912 1149 2953; x_wconf 87' lang='lat' dir='ltr'>thura</span> <span class='ocrx_word' id='word_1_231' title='bbox 1180 2924 1418 2965; x_wconf 83' lang='lat' dir='ltr'>precesque</span> <span class='ocrx_word' id='word_1_232' title='bbox 1453 2923 1614 2952; x_wconf 85' lang='lat' dir='ltr'>sacrae.</span> 
     </span>
    </p>
   </div>
  </div>
 </body>
</html>
