1919 3273
68 546 134 580 715

66 901 133 936 720

65 1257 132 1291 725

62 1613 130 1647 730

61 1968 127 2002 735

58 2323 126 2358 740

58 2679 125 2712 745

1479 105 1552 138 345

216 253 279 293 116
312 252 450 293 redire
485 252 612 305 cupit,
647 255 764 291 tactu
796 250 1010 291 turbantia
1042 250 1188 292 frenos

216 322 301 365 Ora
332 330 485 364 16116113
516 321 676 375 rigidos
710 321 948 363 calcaribus
983 321 1104 362 ardet
1135 322 1178 362 in
1212 321 1336 362 arvis.

214 393 472 435 Verberibus
506 398 715 445 coguntur
747 392 856 444 equi,
890 391 936 432 fit
968 392 1175 432 maximus
1208 391 1290 432 illis

214 465 402 518 1111161113,
436 464 691 516 incursuque
723 463 815 503 fero
848 468 1069 516 portantur
1101 463 1142 502 111
1176 463 1334 504 hostes.

215 536 335 576 Tunc
368 535 507 588 campi
539 542 750 575 tremuere
785 546 903 584 30110,
937 546 1186 587 percurrere
1221 542 1368 574 contra

214 607 266 647 Et
299 606 478 648 miscere
511 619 661 646 manus
696 618 741 645 se
775 605 1016 646 commodat
1042 611 1144 658 apta
1166 605 1375 645 iuventus.

214 678 269 719 Ut
302 690 401 719 vero
434 677 626 719 incubuit
657 676 759 717 belli
792 675 989 716 deflebile
1023 675 1158 716 fatum

214 749 261 789 In
294 748 476 802 pedites,
509 748 635 788 armis
669 747 730 789 sic
762 746 949 799 undique
983 753 1108 799 septa
1141 759 1296 787 corona

215 819 426 869 Obruitur,
459 819 587 860 rectis
620 818 868 873 pendebant
902 818 1065 858 eminus
1099 817 1236 858 hastis

216 891 415 932 Cominus
448 890 608 943 obliqui
641 891 724 941 3111,
758 903 842 931 11011
875 891 1083 943 sanguine
1107 886 1150 941 (2)
1182 888 1278 930 fuso

212 962 266 1003 Hi
298 969 490 1016 pereunt,
524 975 610 1003 non
642 963 901 1015 vulneribus,
936 971 1181 1005 sternuntur
1204 978 1408 1017 equorum

212 1033 402 1087 Inpulsu,
436 1033 591 1086 nymbc
624 1034 801 1074 telorum
837 1042 878 1075 et
911 1035 1100 1076 membra
1132 1043 1335 1077 teruntur.

214 1104 284 1146 Sic
318 1105 444 1146 etiam
479 1111 686 1145 armatum
720 1105 901 1159 stipatur
935 1120 1110 1160 corpore
1144 1121 1297 1161 corpus

214 1176 384 1227 Colliso,
417 1182 535 1225 tante
567 1190 744 1230 parvum
779 1178 1043 1231 stringuntur
1074 1179 1117 1219 in
1151 1179 1295 1220 orbem

212 1248 351 1300 Atque
385 1248 502 1289 acies
522 1255 718 1289 metuens
741 1256 905 1289 tantum
929 1250 1169 1303 spissantur
1188 1251 1230 1291 in
1253 1264 1419 1303 agmen.

212 1319 462 1360 Densantur
495 1318 640 1370 cedes,
673 1319 796 1361 turbe
830 1320 1073 1362 miserabile
1105 1322 1191 1362 leto

211 1390 453 1432 Perduntur
484 1391 653 1443 gladiis,
689 1391 928 1444 ceciditque
961 1393 1003 1433 in
1038 1398 1182 1445 strage
1217 1406 1386 1434 suorum

211 1461 334 1502 Miles
367 1468 410 1502 et
443 1475 467 1502 a
499 1462 669 1516 proprio
702 1463 849 1503 mirum
885 1463 1157 1504 contunditur
1189 1477 1305 1505 ense.

210 1532 383 1587 Inpiger
416 1532 471 1574 ad
503 1533 634 1574 letum
668 1546 927 1587 conpressus
961 1534 1171 1587 sanguine
1205 1535 1335 1575 vitam

210 1604 329 1645 Alter
361 1603 462 1654 odit7
497 1604 667 1645 demum
700 1605 886 1646 moriens
920 1605 1151 1658 Traxitque
1185 1606 1388 1647 tenebras

210 1674 400 1728 Quisque
425 1688 540 1727 suas,
564 1689 740 1716 numero
763 1689 815 1716 ex
837 1682 955 1717 tanto
980 1683 1081 1729 quot
1104 1690 1243 1730 pauca
1267 1682 1491 1731 superstes

208 1745 353 1787 Turba
385 1745 476 1794 fuit,
508 1746 624 1788 vario
659 1743 684 1796 q
717 1747 873 1787 mansit
906 1748 1053 1789 saucia
1085 1748 1198 1789 ferro

208 1817 357 1858 Extitit
390 1824 431 1858 et
464 1818 623 1859 crebris
658 1824 826 1872 poterat
858 1819 926 1860 vix
959 1819 1114 1860 ictibus
1146 1819 1220 1860 ire.

206 1888 429 1942 Ancipites
462 1902 590 1930 casus
622 1889 757 1930 tenuit
791 1903 902 1931 mors
934 1890 1130 1943 improba
1162 1890 1264 1930 belli

209 1959 345 2009 Quam
367 1960 539 2002 fortuna
562 1961 708 2012 dabat,
730 1961 863 2001 1113101·
885 1974 984 2014 pars
1008 1961 1177 2002 Cesaris
1202 1961 1357 2002 hausta
1382 1968 1447 2002 est

206 2031 260 2071 Et
292 2032 453 2083 11161101,
489 2038 754 2084 steteratque
786 2032 902 2085 prius
937 2033 1003 2073 cui
1035 2038 1155 2073 tanta
1187 2039 1381 2086 potestas

210 2101 441 2144 Succubuit
474 2103 646 2157 periens
678 2103 855 2144 infoelix
887 2103 1071 2158 perdidit
1104 2117 1231 2144 arma.

208 2172 348 2214 Tanta
381 2173 491 2215 adeo
526 2174 673 2215 clades
706 2174 846 2215 fuerat
880 2174 933 2215 de
968 2175 1177 2227 sanguine
1212 2174 1353 2227 gentis

208 2244 406 2295 Cesaree⁷
441 2245 555 2297 quod
588 2252 680 2286 erat
713 2246 851 2298 pulvis
886 2259 1157 2299 compressus
1191 2245 1348 2297 ubique

206 2315 425 2368 Factaque
450 2322 547 2357 sunt
570 2317 746 2358 moestis
769 2317 941 2357 nimium
963 2317 1059 2357 loca
1081 2316 1244 2357 lubrica
1268 2316 1444 2370 campis.

204 2385 299 2427 Non
333 2392 496 2428 tantum
528 2388 686 2428 Marius
719 2388 823 2428 vidit
856 2401 936 2429 nec
970 2387 1087 2440 Sylla
1120 2394 1320 2428 cruentus

207 2456 438 2511 Sanguinis
472 2458 609 2511 effusi,
643 2458 957 2510 metuendaque
991 2459 1169 2499 vulnera
1202 2458 1369 2511 stragis.

204 2528 298 2569 Heu
331 2529 476 2570 miseri
508 2530 678 2583 pedites
710 2530 819 2571 ictus
853 2530 895 2570 in
929 2542 1104 2582 corpore
1137 2528 1294 2582 primos

204 2599 410 2653 Excipitis
444 2613 625 2654 semper,
660 2601 775 2641 luitis
809 2601 1095 2653 damnataque
1129 2599 1227 2640 tela.

204 2670 435 2724 Insurgunt
469 2671 636 2724 equites
671 2672 755 2712 alia
789 2671 841 2712 de
875 2678 996 2725 parte
1031 2670 1198 2712 feroces

206 2740 406 2782 Sternere
442 2742 548 2783 cede
582 2742 693 2783 viros
728 2748 769 2782 et
803 2741 959 2782 circum
994 2748 1135 2782 castra
1169 2740 1319 2781 sedere

206 2810 418 2864 Caesaris,
454 2819 495 2853 et
529 2812 632 2853 duro
666 2820 897 2866 properant
932 2811 1167 2865 deposcere
1200 2811 1349 2852 Marte.

205 2883 389 2936 Agmina
422 2889 692 2934 concurrunt,
727 2883 844 2924 acies
879 2882 1114 2923 densantur
1145 2882 1187 2923 in
1221 2883 1313 2923 alas
