1955 3278
1502 131 1568 163 161

87 270 303 312 videretur
335 270 444 311 sicut
476 283 574 311 caro
607 270 728 324 pueri
754 271 932 324 parvuli,
968 279 1010 312 et
1042 285 1118 326 per
1150 273 1230 314 hoc
1251 273 1374 315 nobis
1408 281 1572 328 septem

89 342 203 383 dona
235 341 408 395 spiritus
442 338 579 382 sancti
612 340 873 395 perfigurata
907 349 1016 393 sunt,
1058 356 1167 395 quae
1200 345 1368 397 peccati
1402 347 1573 399 sangui—

89 425 186 453 nem
209 418 251 453 et
274 412 530 465 squallorem
553 412 742 453 abluunt.
777 412 855 452 Est
878 412 975 453 fons
1004 427 1187 467 superne
1210 428 1415 457 emanans
1438 430 1572 469 aquas

88 483 209 525 vivas
229 483 396 524 habens
421 483 511 523 sine
544 483 676 534 initio,
711 489 753 524 01
777 483 868 524 sine
891 483 989 534 fine,
1024 485 1115 525 sine
1140 485 1397 527 admixtione
1430 488 1573 529 invisi-

88 555 184 596 bilis
209 560 251 595 et
271 555 560 608 incorporeus.
597 553 725 595 Cuius
749 561 914 607 gustus,
936 561 980 595 ut
1001 555 1135 607 inquit
1157 556 1421 610 Augustinus
1447 572 1574 613 super

90 625 222 679 Epist.
268 626 324 666 Io.
357 626 399 665 in
434 638 688 677 quocunque
721 625 848 666 fuerit
892 632 1096 678 tanquam
1129 627 1251 667 radix
1285 628 1344 668 illi
1378 630 1469 680 erit,
1504 631 1574 682 qui

90 696 283 749 quamvis
329 695 506 736 ardente
541 696 630 737 sole
665 709 862 737 arescere
904 709 987 737 non
1020 704 1176 750 potest,
1216 699 1395 739 nutritur
1434 702 1574 742 calore

89 768 191 808 solis
223 780 307 808 non
341 767 510 808 arescit.
559 766 641 815 Qui
673 767 851 808 authore
894 767 1100 821 Gregorio
1133 769 1174 809 in
1208 769 1440 811 Moralibus
1475 785 1574 812 suos
1591 781 1787 820 Fonsaquae

88 844 306 893 potatores
350 838 392 879 in
427 844 591 892 septem
637 838 862 879 virtutibus
904 845 1127 893 temperat,
1175 847 1322 881 contra
1355 843 1574 884 stultitiam

90 910 361 964 sapientiam,
409 915 556 950 contra
588 909 926 951 hebetitudinem
960 911 1235 962 intellectum,
1277 920 1424 953 contra
1457 928 1576 967 prae-

89 981 378 1035 cipitationem
412 980 648 1031 consilium,
686 987 833 1021 contra
866 982 1057 1022 timorem
1091 982 1394 1035 fortitudinem,
1430 992 1577 1027 contra

90 1052 375 1105 ignorantiam
422 1051 659 1101 scientiam,
715 1059 862 1092 contra
908 1052 1111 1093 duriciem
1156 1053 1374 1107 pietatem,
1429 1063 1577 1097 contra

89 1123 335 1177 superbiam
367 1122 559 1163 timorem
606 1122 707 1164 dare
751 1123 873 1164 solet.
926 1124 992 1174 Et,
1027 1132 1073 1165 ut
1106 1125 1163 1165 ait
1202 1125 1460 1176 Bernardus‚
1506 1129 1575 1180 qui

88 1193 255 1235 infirma
286 1193 470 1243 roborat,
517 1206 674 1247 aspera
706 1194 867 1247 planat,
908 1195 1037 1236 corda
1070 1195 1278 1249 purificat,
1313 1197 1381 1238 hic
1412 1198 1574 1240 illatum

90 1265 361 1320 opprobrium
409 1264 611 1318 gaudium
656 1265 829 1316 iudicat,
876 1265 1222 1319 desperationem
1272 1269 1575 1310 exaltationem

90 1350 188 1378 esse
233 1336 477 1391 persuadet.
526 1337 591 1377 De
626 1350 707 1389 quo
739 1337 783 1378 id
817 1337 970 1378 dieitur
1012 1337 1054 1377 in
1101 1338 1422 1390 Ecclesiastico,
1463 1341 1576 1393 quod

90 1408 182 1449 eius
216 1421 329 1460 aqua
375 1407 585 1460 extinguit
629 1407 772 1461 ignem
818 1408 1038 1449 ardentem
1082 1415 1258 1463 propter
1292 1410 1575 1464 refrigerandi

1635 836 1736 866 vivae.

1638 1422 1727 1459 Aqua

89 1480 307 1530 virtutem,
357 1491 441 1531 qua
489 1492 515 1518 a
561 1479 843 1519 tentationum
897 1479 1089 1520 aestibus
1140 1480 1305 1521 liberat.
1360 1482 1413 1522 Et
1460 1475 1783 1536 apudextinguens

90 1550 277 1600 Esaiam,
312 1548 472 1590 Omnes
506 1549 700 1591 sitientes
734 1551 876 1591 venite
910 1550 965 1591 ad
987 1564 1132 1603 aquas.
1167 1551 1273 1592 Item
1307 1553 1421 1606 apud
1454 1553 1576 1594 Ioan-

89 1634 185 1662 nem
221 1620 419 1662 Salvator
451 1621 662 1662 exclamat
694 1621 777 1662 ita:
825 1621 869 1663 Si
903 1622 996 1674 quis
1031 1622 1130 1673 sitit,
1169 1623 1313 1664 veniat
1347 1624 1400 1665 ad
1433 1638 1500 1666 me
1534 1632 1576 1666 et

90 1692 223 1734 bibat.
257 1692 377 1733 Haec
410 1692 521 1733 enim
543 1698 607 1733 est
630 1692 703 1733 illa
736 1706 848 1745 aqua
882 1694 1096 1745 salutaris,
1132 1707 1256 1746 (1113111
1286 1695 1328 1735 111
1351 1697 1576 1749 evangelio

91 1777 138 1805 se
173 1763 470 1805 Samaritanae
515 1764 682 1804 mulieri
715 1763 910 1805 dominus
944 1764 1168 1818 pollicetur
1201 1765 1410 1817 daturum,
1451 1780 1577 1819 quam

91 1835 131 1876 ei
162 1841 317 1889 puteus
362 1834 490 1876 Iacob
524 1842 746 1888 praestare
780 1848 864 1876 non
903 1836 1039 1889 potuit
1073 1835 1246 1877 dicens:
1299 1836 1473 1886 „Omnis
1507 1839 1578 1890 qui

90 1906 246 1948 biberit
279 1920 332 1947 ex
365 1919 477 1958 aqua
511 1920 636 1959 quam
670 1919 751 1960 ego
785 1906 898 1947 dabo
934 1907 986 1958 ei,
1020 1920 1104 1947 non
1139 1907 1253 1948 sitiet
1274 1908 1317 1948 in
1340 1914 1576 1961 aeternum,

91 1977 170 2019 sed
213 1977 287 2018 fiet
329 1978 373 2018 in
419 1990 469 2018 00
507 1978 604 2019 fons
650 1991 789 2031 aquae
836 1978 1029 2019 salientis
1062 1979 1105 2019 in
1138 1979 1266 2020 vitam
1312 1983 1575 2022 aeternam“.

96 2048 227 2099 „Item
273 2049 343 2101 qui
388 2048 522 2089 credit
554 2048 596 2088 in
629 2062 709 2100 me,
757 2046 874 2101 (alibi
907 2048 1074 2093 dicitur)
1120 2049 1294 2090 flumina
1338 2050 1392 2091 de
1426 2058 1576 2093 ventre

91 2119 183 2160 eius
215 2118 349 2161 fluent
392 2133 531 2172 aquae
563 2120 730 2161 vivae“.
775 2120 930 2160 Esaias
967 2120 1022 2161 ad
1053 2119 1168 2161 idem
1202 2122 1376 2162 extulit:
1428 2122 1577 2172 „Servi

90 2190 176 2231 mei
206 2191 355 2232 bibent
387 2196 430 2232 et
460 2204 537 2231 vos
571 2191 765 2232 sitietis“.
810 2191 1066 2232 Psalmista:
1118 2192 1268 2245 „Apud
1300 2199 1342 2234 te
1376 2199 1442 2234 est
1480 2193 1577 2234 fons

90 2262 247 2304 vitae“.
301 2262 349 2303 In
396 2262 548 2315 quibus
593 2262 715 2314 aquis
761 2262 889 2303 etiam
922 2262 1060 2316 pietas
1099 2264 1419 2317 consyderatur,
1468 2277 1576 2317 quae

91 2334 274 2375 fluentes
307 2340 406 2375 sunt
438 2334 553 2388 apud
586 2333 727 2375 David
760 2334 1038 2388 prophetam:
1084 2335 1247 2383 „Flavit
1281 2334 1453 2388 spiritus
1487 2335 1578 2375 eius

94 2412 136 2446 et
177 2405 309 2446 fluent
354 2405 533 2458 aquae“.
586 2405 790 2458 Legimus
836 2405 951 2459 apud
991 2405 1192 2446 Ioannem
1227 2406 1269 2446 in
1302 2406 1578 2460 Apocalypsi,

92 2489 228 2529 aquas
262 2477 414 2530 culpae
449 2483 490 2517 et
511 2483 786 2530 peccatorum
820 2476 1118 2517 denominatas
1141 2476 1288 2525 fuisse,
1323 2477 1375 2517 de
1400 2490 1573 2529 quarum

92 2554 222 2601 gustu
254 2547 448 2589 homines
480 2548 523 2588 in
556 2547 721 2588 cladem
756 2554 797 2588 et
821 2554 1053 2588 extremam
1086 2547 1367 2600 perditionem
1391 2548 1575 2588 deduce-

92 2618 260 2660 bantur.
311 2618 489 2668 Cecidit,
533 2618 682 2670 inquit,
730 2618 782 2659 de
816 2619 936 2659 coelo
970 2618 1097 2659 stella
1128 2632 1285 2671 magna
1319 2618 1489 2670 ardens,
1536 2624 1577 2658 et

95 2689 250 2730 cecidit
281 2689 323 2730 in
356 2689 523 2730 tertiam
557 2696 722 2742 partem
755 2688 986 2736 fluminum,
1031 2696 1072 2730 et
1104 2689 1145 2729 in
1178 2689 1320 2730 fontes
1359 2702 1577 2741 aquarum,

95 2767 136 2801 et
162 2773 317 2801 nomen
351 2760 504 2800 stellae
539 2759 690 2800 dicitur
722 2759 995 2812 absynthium
1019 2768 1061 2800 et
1083 2759 1200 2800 facta
1233 2767 1299 2801 est
1330 2760 1457 2801 tertia
1477 2773 1577 2813 pars

97 2844 301 2883 aquarum
347 2831 634 2884 absynthium.
686 2831 739 2871 Et
784 2831 901 2871 multi
947 2831 1140 2871 homines
1186 2831 1337 2872 mortui
1382 2838 1479 2871 sunt
1523 2831 1576 2871 ab

96 2902 234 2954 aquis,
269 2902 367 2954 quia
400 2915 547 2942 amare
591 2901 734 2943 factae
769 2909 879 2949 sunt,
920 2910 961 2942 et
994 2902 1074 2943 hoc
1107 2902 1217 2953 ideo,
1253 2902 1351 2955 quia
1385 2902 1574 2943 timorem

165 2992 192 3018 J.
213 2993 308 3018 ABEL:
332 2994 492 3019 ANALECTA
512 3001 600 3019 uovA.
1393 2983 1433 3015 11

1630 1527 1736 1564 ignem

1595 1578 1775 1610 ardentem.

1632 2414 1742 2452 Aquae

1598 2469 1721 2503 peceati
1739 2472 1771 2499 et

1624 2518 1747 2558 culpae.
