1955 3278
307 111 376 146 234

307 266 351 299 35
428 253 603 295 Finibus
637 267 662 294 a
695 253 843 307 patriis
877 252 1081 293 arcebant
1116 250 1320 305 saepius¹
1356 252 1516 296 hostes,

486 325 618 377 Inque
653 324 801 378 fugam
834 323 985 364 iaculis
1018 323 1133 364 milia
1167 323 1298 363 inulta
1332 322 1518 371 dabant;

428 396 587 437 Omnes
621 402 720 436 tunc
754 395 925 435 fuerant
960 394 1197 448 Scipiones
1233 402 1361 446 atque
1395 394 1567 436 Metelli.

489 466 679 516 Quilibet
710 465 893 519 insignis
926 466 1048 507 miles
1081 466 1136 507 ad
1170 479 1288 505 arma
1320 465 1412 506 fuit.

427 538 522 580 Non
555 538 651 579 illos
684 537 821 578 tenuit
853 537 990 582 luxus,
1026 550 1109 578 non
1144 536 1303 577 blanda
1338 536 1548 589 voluptas

307 621 353 654 40
488 609 580 650 Nec
614 609 756 651 vinum
790 608 991 654 validum,
1027 608 1255 662 splendida
1289 621 1437 649 mensa
1472 607 1590 648 cibis.

429 681 524 722 Non
558 681 667 722 levis
701 679 889 731 ambitio,
924 693 1187 720 nummorum
1222 678 1351 720 foeda
1387 677 1554 732 cupido.

486 752 577 794 Nec
612 751 808 805 placidus
843 764 1029 795 somnus,
1065 764 1286 803 eaenaque
1319 751 1450 796 lauta„
1486 755 1616 795 torus,

430 823 708 865 Fraudabant
742 823 856 864 dulci
888 822 1101 864 radiantia
1133 822 1293 862 lumina
1327 833 1489 863 somno.

487 895 551 935 Ne
584 894 736 935 fierent
768 894 930 948 rapidis
962 893 1126 947 praeda
1159 894 1309 934 relicta
1340 892 1456 932 feris.

309 977 354 1009 45
430 966 483 1006 Hi
516 972 669 1007 norant
702 966 854 1007 molles
888 965 966 1006 sub
1001 965 1098 1007 divo
1133 978 1309 1018 carpere
1344 976 1529 1006 somnos,

489 1038 570 1078 Pro
605 1038 743 1091 patria
778 1050 948 1090 semper
978 1036 1107 1078 fortia
1139 1036 1257 1078 facta
1290 1036 1405 1089 pati3

431 1109 526 1150 Non
558 1109 654 1150 illos
688 1108 825 1163 piguit
858 1108 1001 1149 fessos
1034 1108 1218 1149 tolerare
1252 1107 1437 1154 labores,

490 1180 584 1221 Non
618 1180 787 1234 gelidos
820 1180 992 1231 imbres,
1028 1192 1160 1221 saeva
1194 1178 1368 1232 pericla,
1403 1183 1554 1217 metus.

430 1252 628 1293 Insvetas
661 1258 828 1292 tentare
863 1251 969 1302 vias,
1003 1251 1118 1291 mala
1153 1249 1299 1291 taedia
1330 1248 1446 1293 belli,

312 1334 355 1367 50
490 1324 722 1364 Torrentes
756 1329 918 1373 aestus,
952 1321 1125 1363 horrida
1157 1328 1311 1373 tesqua
1345 1318 1390 1373 (l)
1426 1318 1558 1360 nives.

428 1395 524 1435 Non
557 1394 725 1436 Mavors
757 1394 854 1435 illos
889 1393 1032 1444 durus,
1069 1406 1148 1434 nee
1181 1392 1327 1433 terruit
1363 1390 1513 1433 hostis.

490 1465 581 1507 Nec
613 1479 778 1507 vesana
809 1465 960 1511 fames,
994 1478 1141 1518 pugna
1174 1470 1362 1505 cruenta.
1398 1461 1531 1503 dolus.

432 1537 520 1579 Sed
548 1551 627 1578 nec
659 1537 803 1590 Scylla
832 1536 967 1585 ferox,
997 1536 1141 1577 rabies
1176 1534 1403 1576 durissima
1430 1531 1562 1586 ponti,

490 1609 581 1650 Nec
615 1609 751 1650 nubes
786 1606 962 1649 dubit02
998 1608 1145 1649 terruit
1180 1614 1273 1648 atra
1306 1612 1417 1647 noto.

315 1691 359 1723 55
434 1679 694 1734 Intrepidam
728 1675 857 1721 vitam
892 1679 1055 1720 medios
1090 1677 1311 1720 effundere
1344 1676 1387 1717 in
1421 1676 1581 1722 hostes,

494 1750 751 1792 Gaudebant
784 1764 955 1804 semper
985 1750 1118 1791 limite
1151 1762 1226 1804 pro
1260 1748 1411 1802 patrio⁷

435 1821 623 1872 Quilibet
657 1822 836 1876 optabat
868 1835 943 1876 pro
976 1821 1174 1862 libertate
1209 1820 1365 1862 subire.

495 1893 752 1935 Constanter
784 1893 950 1946 patriae
984 1892 1121 1933 tristia
1155 1892 1313 1933 damna
1346 1890 1476 1931 necis.

435 1964 589 2006 Omnia
621 1978 696 2018 pro
731 1964 844 2005 dulci
876 1964 1015 2018 patria
1048 1976 1189 2016 aequa
1221 1968 1365 2003 mente
1398 1960 1609 2007 ferebant,

317 2046 361 2081 60
435 2036 568 2077 Terra
601 2049 758 2089 parens
792 2042 957 2076 tantum
990 2035 1123 2076 limite
1156 2040 1249 2075 tuta
1282 2033 1404 2074 foret.

496 2107 726 2160 Pugnandi
757 2107 899 2148 fuerat
932 2107 1097 2148 cunctis
1130 2119 1228 2146 nam
1261 2111 1384 2158 grata
1417 2103 1628 2152 voluntas,

436 2180 603 2232 Aspera
634 2192 710 2232 pro
747 2178 887 2220 charis
921 2178 1037 2219 bella
1071 2190 1224 2231 parare
1257 2176 1378 2218 focis.

437 2249 563 2291 Clara
596 2249 766 2302 quidem
800 2249 933 2290 virtus
967 2248 1156 2290 audaces
1189 2248 1353 2289 fecerat
1386 2247 1495 2294 illos„

495 2321 548 2362 Et
581 2321 693 2362 vitae
728 2321 843 2361 nullo
878 2320 1046 2361 turbine
1079 2319 1220 2360 fracta
1251 2318 1374 2360 fides.

318 2404 361 2437 65
437 2393 615 2434 Hostica
648 2405 871 2446 pugnaces
904 2404 985 2432 nec
1018 2390 1147 2432 bella.
1184 2403 1263 2432 nec
1296 2403 1413 2430 arma
1446 2387 1665 2438 timebant,

496 2464 586 2505 Nec
620 2463 755 2504 saltus
788 2463 947 2515 riguos,
982 2459 1329 2514 fiuctiferumque
1362 2473 1491 2501 mare.

438 2535 556 2576 Dura
588 2547 668 2575 nec
700 2534 875 2587 ignotae
907 2531 1168 2584 mmzq=uam²⁵
1201 2532 1445 2574 discrimina
1479 2540 1632 2576 terrae,v

498 2605 705 2646 Crudeles
738 2611 906 2654 ventos,
940 2603 1083 2644 littora
1118 2616 1249 2644 curva
1280 2604 1415 2644 lacus.

437 2677 528 2718 Nec
562 2676 711 2729 Syrtes
744 2682 905 2725 vastas,
940 2673 1126 2715 tumidas
1160 2674 1361 2726 aquilone
1395 2672 1621 2727 procellaS‚

320 2759 364 2792 70
499 2747 586 2788 Seu
619 2746 820 2799 quicquid
854 2745 980 2799 rigidi
1013 2745 1222 2787 maximus
1256 2745 1370 2786 orbis
1403 2744 1547 2785 habet.

430 2853 453 2944 12
477 2853 626 2934 stoepius
653 2852 696 2885 A.
748 2850 760 2869 '·‘
787 2851 909 2884 talan:
937 2849 1088 2883 subito?
1143 2849 1154 2867 2
1183 2848 1357 2893 Apponyi
1382 2846 1590 2892 peldanyan
1629 2845 1809 2891 szeljegy-

321 2904 379 2935 zet
398 2912 403 2933 :
449 2911 490 2934 or
506 2911 552 2934 es.
