1955 3278
331 148 399 181 214

333 291 477 332 Redeo
521 304 635 331 nunc
681 290 735 331 ad
781 297 837 342 te,
884 291 1076 332 Antistes
1121 290 1453 344 Angustissime,
1499 304 1621 343 quem
1663 290 1816 332 eruditi

331 374 478 403 omnes
512 374 595 402 uno
629 374 715 411 ore,
762 374 1038 414 consonoque
1072 362 1276 415 suffragio
1315 362 1624 411 Maecenatem,
1663 361 1816 403 Pollio-

330 446 426 473 nem
459 432 813 485 Proculeiumque
839 433 1001 474 saeculi
1034 433 1167 474 nostri
1200 433 1432 474 celebrant.
1466 432 1556 473 Nec
1592 432 1813 473 immerito.

330 504 394 544 Tu
429 503 539 544 6111111
572 503 737 544 illorum
769 516 815 544 es
838 504 1016 557 asylum,
1052 504 1310 558 praesidium
1335 512 1376 544 et
1406 503 1551 544 decus.
1587 503 1692 552 Quis
1715 516 1821 545 vero-

331 584 395 615 est
428 575 498 627 qui
524 574 689 615 nesciat
709 574 1000 616 doctissimum
1024 575 1530 628 Quinqueecclesiensem
1556 574 1815 628 Episcopum

330 646 480 687 doctos
514 658 663 687 omnes
695 645 858 686 fovisse
892 659 1062 699 semper
1095 651 1137 686 et
1169 645 1324 686 cotidie
1354 644 1537 686 fovere?
1571 645 1714 685 Testis
1739 646 1816 686 erit

328 716 371 756 in
409 716 556 770 primis
602 716 763 757 Balbus
796 716 1000 767 Venetus,
1047 716 1266 769 utriusque
1312 716 1500 770 linguae,
1546 716 1614 757 vel
1646 716 1816 757 inimico

328 787 483 839 iudice,
519 786 806 834 doctissimus,
849 787 919 839 qui
951 794 993 827 te
1028 786 1136 827 duce
1171 792 1214 827 et
1246 787 1421 840 auspice
1455 787 1585 827 altum
1618 787 1702 827 iam
1733 787 1814 841 pri-

330 859 425 900 dem
460 857 621 912 spirare
655 858 808 912 caepit.
857 858 1090 898 Praeterea
1129 857 1387 898 Laurentius
1432 858 1660 908 Bistritius,
1696 859 1817 899 celsi-

329 929 487 971 tudinis
521 938 619 970 tuae
653 942 789 983 nepos
822 935 865 969 et
897 928 1033 969 Albae
1067 929 1229 982 Regiae
1264 929 1550 982 praepositus,
1590 939 1814 983 patronus-

329 1014 410 1054 que
445 1014 589 1051 meus3
637 1000 707 1053 qui
751 1000 919 1041 fulturis
958 1000 1041 1040 tuis
1075 999 1130 1040 ad
1163 999 1436 1052 eloquentiae
1480 1009 1520 1041 et
1566 1000 1815 1041 eruditionis

329 1085 551 1122 cacumen,
585 1071 781 1113 Bononia
814 1078 924 1112 teste
952 1071 1184 1124 aspiravit,
1220 1071 1468 1125 Stephanus
1492 1071 1620 1112 etiam
1653 1071 1814 1112 Broda-

327 1143 468 1191 ricius,
503 1143 650 1184 laurea
683 1142 838 1196 dignus
868 1142 1115 1196 Apollinari.
1148 1142 1225 1183 His
1253 1142 1602 1183 adnumerandus
1625 1152 1665 1195 et
1687 1143 1816 1184 Ianus

327 1215 412 1266 ille,
446 1214 570 1256 faber
603 1214 852 1256 eruditionis
885 1214 1134 1267 multiiugae
1161 1214 1430 1266 faberrimus,
1463 1213 1533 1266 qui
1562 1214 1737 1254 multum
1771 1214 1813 1254 in

328 1285 466 1327 fronte
499 1286 737 1339 pollicetur,
772 1286 995 1340 plurimum
1029 1298 1130 1326 vero
1163 1285 1295 1327 habet
1326 1286 1369 1326 in
1402 1298 1589 1326 recessu.
1635 1284 1814 1326 Accedit

328 1358 427 1399 huic
478 1357 702 1411 Philippus
756 1357 1074 1410 Albaregalius,
1127 1355 1422 1406 Varadiensis,
1474 1355 1814 1397 Archidiaconus

328 1428 604 1476 cathedralis,
637 1428 803 1469 iuvenis
827 1428 1014 1482 optimae
1047 1427 1203 1468 indolis
1238 1435 1279 1468 et
1311 1428 1353 1468 in
1376 1427 1510 1468 literis
1542 1440 1814 1480 nequaquam

326 1499 637 1553 poenitendus;
673 1513 753 1540 nec
776 1512 860 1540 11011
893 1499 1145 1539 Valentinus
1171 1497 1412 1551 Cybeleius,
1442 1498 1658 1539 Musarum
1682 1499 1813 1539 alum-

326 1584 420 1621 nus,
456 1577 497 1611 et
521 1571 593 1611 alii
624 1584 736 1624 pene
759 1570 983 1620 innumeri,
1017 1582 1122 1622 quos
1146 1570 1182 1610 si
1203 1582 1430 1610 recensere
1458 1570 1678 1619 voluerim,
1711 1570 1812 1611 faci-

326 1642 407 1683 lius
440 1642 590 1683 metiar
623 1649 725 1694 quot
759 1642 924 1683 coelum
960 1641 1103 1682 sidera
1136 1648 1291 1693 servet,
1337 1649 1378 1682 et
1412 1648 1542 1694 quota
1573 1642 1616 1682 in
1651 1640 1813 1683 Oceani

326 1713 471 1754 bellua
515 1713 626 1754 mole
660 1719 792 1754 natet.
843 1712 999 1754 Verum
1032 1725 1086 1753 116
1121 1726 1173 1753 ex
1206 1713 1431 1767 epistolica
1476 1712 1737 1754 verecundia
1770 1713 1812 1754 in

327 1784 724 1825 commentariorum
755 1783 980 1825 audaciam
1008 1789 1293 1835 transeamus,
1326 1784 1410 1824 iam
1431 1784 1624 1838 receptui
1647 1797 1813 1828 canam.

326 1868 421 1896 cum
454 1856 707 1909 praesertim
742 1855 798 1896 ad
829 1855 1036 1896 materiae
1071 1854 1324 1908 dignitatem
1349 1864 1390 1896 et
1412 1856 1612 1897 virtutum
1645 1863 1812 1896 tuarum

326 1926 489 1977 merita,
528 1939 679 1980 parum
712 1926 765 1967 sit
799 1939 923 1967 omne
958 1925 1071 1978 quod
1105 1925 1268 1967 dicitur.
1314 1927 1379 1967 Tu
1411 1926 1577 1968 interea
1610 1927 1705 1968 vive
1739 1926 1809 1967 diu

325 1996 428 2038 felix
450 2004 493 2038 et
516 1998 629 2038 omni
652 1997 849 2038 detectus
872 2004 1048 2050 pectora
1071 1996 1197 2046 nube,
1217 1997 1344 2038 finem
1368 1998 1621 2049 Nestoreae,
1645 2011 1810 2052 precor,

326 2068 549 2121 egrediare
573 2076 788 2109 senectae.
823 2068 943 2119 Vale,
968 2067 1160 2109 Antistes
1184 2068 1534 2120 eminentissime,
1569 2077 1610 2110 et
1633 2083 1714 2119 me,
1740 2069 1811 2121 qui

324 2139 401 2180 tibi
444 2140 511 2180 vel
555 2140 739 2181 animam
784 2140 924 2194 ipsam
970 2140 1122 2190 debeo,
1168 2140 1470 2193 mancipiolum
1514 2140 1693 2194 respice.
1746 2140 1811 2180 Ex

325 2209 624 2252 florentissimo
658 2211 891 2265 Gymnasio
913 2211 1187 2252 Bononiensi.
1222 2209 1369 2252 Idibus
1392 2211 1601 2252 Ianuariis
1631 2210 1809 2252 MDXII.

578 2419 878 2457 Sebastianus
903 2419 1085 2466 Magius
1112 2420 1296 2456 Lectori
1323 2420 1557 2457 salutem.¹

442 2530 551 2572 Illud
589 2544 701 2572 nunc
745 2544 826 2584 ego
872 2533 969 2581 (nec
1003 2531 1242 2584 importune
1277 2528 1464 2584 quidem)
1511 2529 1649 2571 dicam
1696 2529 1810 2582 quod

325 2601 562 2643 Graeculus
596 2601 767 2654 quidam
801 2602 899 2643 olim
934 2602 986 2643 ad
1021 2603 1285 2655 Augustum:
1321 2602 1424 2643 Plus
1452 2602 1613 2652 darem,
1648 2601 1683 2642 si
1712 2602 1810 2655 plus

324 2673 538 2714 haberem.
586 2673 681 2714 Non
715 2673 827 2714 enim
859 2686 926 2714 me
968 2673 1185 2727 praeterit,
1232 2672 1298 2714 his
1337 2673 1465 2726 longe
1505 2673 1628 2727 plura
1659 2672 1807 2713 Ianum

323 2751 515 2785 nostrum
559 2744 869 2798 composuisse,
917 2757 1040 2797 quae,
1086 2746 1161 2798 pro
1201 2744 1337 2798 pudor
1380 2744 1522 2785 adhuc
1563 2743 1617 2785 ab
1650 2743 1810 2785 invidis

442 2895 451 2914 ¹
481 2896 708 2939 Ugyanazon
734 2894 864 2929 kiadas
890 2893 1049 2939 vegerfil.
