1919 3273
1503 124 1571 159 469

371 267 555 319 Verbeti,
590 273 664 308 tua
695 267 963 321 predicanda
994 268 1127 310 virtus

368 337 421 378 Et
455 351 556 380 eura
589 344 630 379 et
663 352 713 380 ao
748 339 933 380 studium
966 339 1027 380 rei
1058 339 1276 393 gerendae

368 409 514 461 Recte,
548 409 727 462 fortiter,
762 409 957 464 impigre,
992 410 1197 452 decenter

370 480 573 521 Lassabit
606 480 751 522 decies
787 480 936 522 decem
970 487 1133 534 poetas.

369 551 559 592 Annales
594 564 762 604 quoque
796 552 1000 606 plurimos
1034 553 1229 606 replebit,

371 622 531 672 Quales
565 622 818 663 Pontificum
850 622 970 664 fuere
1006 622 1231 675 quondam,

371 693 449 734 Vel
483 693 601 734 Coeli
634 693 842 745 celebres,
875 694 943 735 vel
976 694 1161 735 Antiatis

369 763 618 805 Rhomanae
652 771 887 806 memorant
919 764 1054 805 fuisse
1088 765 1274 806 chartae.

370 835 540 876 Dehine
574 834 713 889 Crispi
745 835 955 877 brevitate
990 835 1246 889 colliganda,

370 905 424 945 Et
457 906 626 947 felicius
662 906 919 959 explicanda
950 906 1044 947 Livi

373 976 579 1018 Ubertate
612 977 742 1018 beata
776 983 818 1018 et
851 978 1050 1031 eleganti.

132 1142 202 1184 Ad
234 1142 653 1184 Reverendissimum
686 1142 908 1184 donuinam
940 1142 1207 1196 Stephanum
1239 1142 1535 1185 Broderiez‘um

89 1212 352 1267 Episcopum
384 1212 673 1267 Syrmiensem
707 1218 775 1255 ete.
808 1214 959 1267 inclyti
990 1214 1112 1269 reym‘
1140 1213 1399 1269 Hzmyariae
1419 1215 1576 1256 cancel-

749 1284 920 1326 chz'mn.

239 1381 434 1436 Optimus
467 1388 511 1422 ut
543 1381 669 1422 fieres
703 1381 788 1421 dux
820 1380 919 1421 inde
953 1381 1190 1433 authorque
1222 1380 1353 1432 fuisti,

297 1453 400 1505 Iam,
436 1453 674 1506 Stephane,
710 1466 735 1492 a
768 1452 927 1493 teneris
960 1452 1173 1505 unguibus
1205 1452 1299 1506 ipse
1332 1452 1421 1503 tibi,

241 1524 296 1566 Ut
330 1524 455 1565 fieres
488 1531 646 1575 tantus,
680 1524 813 1564 maior
845 1524 944 1564 11001
977 1536 1074 1564 esse
1108 1524 1295 1574 mereris,

301 1595 504 1649 Suspicor
535 1595 617 1635 1100
651 1607 813 1646 aequos
849 1594 909 1635 310
942 1593 1129 1635 voluisse
1163 1593 1294 1634 Deos.

243 1666 288 1708 Si
319 1667 396 1708 tibi
429 1665 635 1719 quottidie
670 1666 813 1718 magni
847 1665 1112 1706 cumulentur
1144 1665 1343 1716 honores,

299 1738 394 1779 Non
427 1737 575 1778 melior
606 1736 711 1788 fieri,
744 1735 878 1776 maior
909 1742 954 1776 ut
987 1748 1083 1777 esse
1117 1741 1252 1789 potes.

692 1901 764 1942 Ad
799 1901 988 1942 emzdem.

244 1998 439 2053 Optimus
459 2012 519 2050 es,
540 2011 702 2039 summo
726 2004 768 2038 et
788 2010 900 2037 1111110
921 2009 1095 2037 munere
1121 1995 1329 2049 fungeris,
1351 1996 1452 2036 olim

301 2070 503 2112 Perfecta
537 2075 603 2110 est
636 2068 805 2109 bonitas
838 2068 922 2108 iarn
956 2074 1041 2118 tua,
1076 2067 1230 2108 oresoit
1262 2067 1408 2108 honos.

691 2232 762 2274 Ad
795 2232 985 2274 eamdem.

245 2331 408 2372 Doctus
432 2344 478 2371 es
501 2336 542 2371 et
565 2330 703 2371 bonus
725 2334 767 2369 et
790 2328 978 2381 sapiens,
1002 2328 1111 2369 haec
1134 2327 1303 2380 singula
1324 2340 1504 2381 magnos

307 2402 410 2444 Cum
444 2401 618 2452 faciant,
653 2412 828 2452 quaeso,
863 2398 973 2438 trina
1008 2398 1109 2451 quid
1141 2396 1368 2439 efficiunt?

413 2567 484 2607 Ad
516 2565 695 2607 eundem
728 2563 960 2605 vomentem
994 2561 1271 2617 Striyonium.

385 2662 538 2703 Salvus
572 2659 736 2702 venerit
769 2664 868 2712 opto
903 2657 1158 2698 Broderious

383 2732 581 2785 Lynceus
615 2744 699 2771 11011
732 2730 834 2770 1111111
866 2728 1008 2782 lippus
1041 2727 1284 2779 intuendus,

387 2803 517 2844 Cuius
551 2801 710 2842 lumina
744 2801 780 2840 si
812 2799 957 2840 videre
992 2805 1185 2853 possent,

386 2873 600 2923 Quantum
624 2884 743 2912 mens
765 2870 880 2911 videt
903 2870 1044 2923 Argus
1070 2869 1178 2910 alter
1199 2875 1326 2910 esset.
