1955 3278
1518 127 1587 160 287

104 267 223 309 nicos
258 267 510 310 Christianis
542 269 585 309 in
618 268 873 310 daemonum
919 269 1118 322 opinione
1155 269 1366 311 conciliat.
1413 269 1588 311 Videbis

104 344 201 392 post
234 338 343 380 haec
376 353 601 393 operosum
634 339 791 380 Plotini
824 352 945 393 opus,
981 346 1174 393 exparte
1202 354 1313 382 nunc
1345 341 1388 381 in
1420 341 1588 382 Panno-

103 409 217 450 niam
249 406 337 462 (ubi
357 410 434 451 tibi
455 416 586 451 totum
614 423 667 451 ex
689 415 810 463 parte
833 409 1105 464 monstretur)
1139 411 1328 452 allatum.
1362 411 1587 464 Reliquum

104 487 183 531 est,
227 487 272 521 ut
309 481 556 523 felicissime
592 480 808 521 maiestati
849 487 948 521 tuae
994 480 1192 522 Valorem
1233 495 1371 522 111611111
1413 482 1587 524 validis-

104 551 209 592 sime
242 564 394 604 meque
426 551 565 604 ipsum
598 550 640 591 in
670 550 824 592 Valore
858 551 1166 594 commendem.
1203 551 1332 593 Sexto
1366 553 1587 594 Februarii

103 621 509 664 MCCCCLXXXX.

103 796 338 833 Marsilius
355 797 544 833 Ficinus
563 796 862 834 Florentinus
885 796 1179 833 serenissimo
1200 797 1470 833 Pannoniae
1490 797 1590 844 regi

173 861 377 898 Mathiae
406 871 581 907 semper
606 862 780 898 invicto
807 862 1079 909 suppliciter
1106 873 1153 898 se
1183 863 1487 899 commendat.
1506 865 1515 883 ยน

221 967 440 1008 Hactenus
473 980 556 1008 non
589 973 784 1021 putaram
818 967 1001 1009 eundem
1035 967 1249 1009 hominem
1273 979 1403 1020 posse
1422 967 1588 1009 duobus

104 1038 227 1079 simul
259 1038 302 1078 in
334 1038 439 1079 locis
473 1039 724 1092 praesertim
764 1039 875 1079 inter
908 1052 954 1079 se
987 1039 1115 1092 longe
1150 1038 1355 1079 seiunctis
1390 1039 1588 1087 existere,

103 1122 215 1150 nunc
259 1114 401 1150 autem
445 1109 489 1150 id
523 1122 651 1163 posse
695 1109 787 1150 fieri
819 1123 901 1150 non
937 1109 1074 1150 solum
1119 1116 1222 1163 puto
1258 1109 1469 1162 equidem,
1512 1109 1591 1150 sed

103 1179 191 1221 scio
237 1180 377 1229 etiam,
424 1179 565 1231 audio,
611 1180 745 1221 video,
792 1179 889 1221 Scio
924 1179 1094 1232 quidem
1134 1179 1362 1221 Nicolaum
1394 1184 1590 1221 nostrum

108 1249 361 1304 Theoloyum
404 1249 666 1305 sinyulctrem
713 1265 848 1303 nuper
891 1265 943 1291 eJ:
986 1250 1118 1291 Italm
1163 1264 1209 1292 se
1248 1252 1290 1291 in
1323 1252 1588 1292 Pannoniam

104 1322 336 1363 contulisse
381 1321 508 1362 audio
540 1328 684 1363 tamen
718 1322 901 1363 eundem
946 1322 1205 1373 Florentiae,
1252 1329 1298 1363 ut
1331 1323 1511 1374 solebat,
1545 1323 1587 1363 111

103 1392 338 1446 gymnasiis
370 1393 567 1447 publicis,
598 1393 640 1433 in
663 1393 767 1444 foro,
802 1393 844 1433 in
867 1393 1038 1446 templis
1070 1393 1317 1445 loquentem
1350 1394 1587 1447 legentem-

105 1477 186 1516 que
230 1464 478 1517 frequenter
516 1470 558 1506 et
590 1464 763 1506 assidue
803 1463 1107 1518 disputantem.
1153 1464 1357 1505 Videmus
1403 1464 1585 1505 eundem

104 1534 291 1587 quotidie
323 1535 366 1576 in
398 1535 504 1589 ipsis
537 1535 704 1577 coronis
737 1535 1136 1589 philosophantium
1170 1541 1428 1576 coronatum.
1475 1535 1586 1577 Vivit

104 1606 230 1659 igitur
262 1606 378 1660 apud
402 1620 479 1648 vos
504 1606 588 1647 iam
611 1607 814 1648 Nicolaus
838 1612 992 1657 vester,
1028 1607 1159 1660 spirat
1183 1606 1297 1660 apud
1324 1620 1401 1647 nos
1424 1607 1589 1648 interea

102 1678 305 1720 Nicolaus
339 1684 381 1719 et
412 1684 570 1729 noster,
605 1679 791 1720 clamant
824 1678 965 1719 adhuc
997 1679 1039 1719 in
1074 1679 1234 1719 scholis
1263 1684 1391 1731 atque
1418 1678 1461 1719 in
1480 1678 1587 1732 ipsis

103 1749 337 1803 parietibus
369 1749 469 1791 inde
501 1756 675 1791 resonat
709 1750 840 1800 echo,
875 1749 957 1791 hac
988 1749 1116 1803 igitur
1147 1750 1312 1791 ratione
1346 1750 1588 1803 opinionem

104 1820 274 1873 quidem
306 1821 388 1862 iste
432 1821 587 1862 fefellit
633 1827 835 1873 nostram,
884 1821 988 1862 satis
1023 1828 1163 1862 autem
1212 1820 1426 1861 desiderio
1471 1820 1585 1862 fecit.

102 1891 192 1933 Iam
226 1892 337 1933 enim
370 1893 479 1933 tanti
504 1893 582 1934 viri
614 1893 904 1947 praesentiam
929 1892 1282 1933 desiderabamus
1306 1897 1351 1932 ut
1370 1904 1585 1944 nunquam

103 1963 213 2005 foret
244 1964 360 2004 velut
381 1963 541 2005 absens
562 1977 588 2004 a
610 1964 733 2005 nobis
757 1963 1084 2004 desiderandus.
1118 1963 1258 2003 Fallet
1281 1969 1323 2004 et
1343 1975 1420 2004 vos
1442 1962 1587 2003 forsan

105 2035 228 2076 aliter
258 2035 341 2076 nisi
372 2048 588 2076 monuero.
635 2035 873 2076 Histriones
913 2034 1084 2087 quidem
1116 2033 1158 2074 in
1193 2034 1334 2075 scenis
1379 2046 1587 2087 personas

106 2119 206 2147 suas
252 2105 329 2148 sub
375 2105 527 2147 alienis
566 2105 833 2147 abscondere
878 2106 1031 2156 solent,
1077 2105 1281 2146 Nicolaus
1323 2110 1466 2146 autem
1509 2104 1586 2145 sub

105 2190 183 2218 sua
205 2176 391 2219 vicissim
425 2178 580 2219 occulit
612 2177 808 2218 alienam.
851 2176 955 2218 Cum
987 2176 1115 2229 igitur
1148 2176 1463 2229 disputationes
1497 2177 1588 2217 eius

105 2248 415 2299 auscultabitis,
451 2249 601 2290 scitote
634 2248 857 2290 Nicolaum
891 2247 1059 2301 quidem
1093 2260 1170 2288 vos
1204 2248 1413 2301 aspicere.
1449 2260 1588 2299 neque

104 2325 247 2360 tamen
281 2318 438 2360 audire.
483 2320 663 2361 Beatum
696 2333 879 2371 namque
918 2319 1035 2359 illum
1080 2318 1287 2359 Thomam
1332 2318 1586 2371 Aquinatem

106 2390 386 2432 disserentem
434 2391 575 2445 potius
624 2391 807 2432 audietis
852 2391 892 2431 in
938 2391 1032 2444 ipso
1077 2390 1161 2431 iam
1206 2390 1371 2430 Nicolai
1413 2395 1586 2443 pectore

105 2463 331 2513 viventem,
364 2462 408 2502 in
441 2462 633 2504 eiusdem
667 2475 738 2503 ore
773 2462 1043 2503 clamantem.
1078 2461 1161 2501 Aut
1196 2461 1305 2502 enim
1340 2460 1381 2500 in
1403 2460 1483 2501 hoc
1516 2460 1586 2500 ille

105 2539 312 2574 nascente
356 2540 532 2575 renatus
577 2540 655 2586 est,
703 2533 816 2586 quod
849 2532 1097 2574 Platonicus
1131 2531 1284 2584 aliquis
1330 2531 1586 2585 opinabitur,

106 2610 180 2646 aut
212 2604 362 2645 saltem
390 2605 583 2646 sublimis
607 2618 629 2646 e
653 2605 774 2647 caelo
797 2604 987 2645 Thomas
1008 2602 1200 2655 loquenti
1221 2602 1429 2656 propitius
1453 2601 1585 2642 afflat.

105 2675 192 2717 Vos
213 2675 357 2728 itaque
384 2675 427 2716 in
459 2676 637 2718 Nicolao
660 2677 777 2718 velut
798 2676 841 2716 in
864 2675 961 2717 viva
994 2673 1179 2727 quadam
1204 2678 1347 2714 statua
1378 2673 1586 2715 Thomam

105 2746 221 2787 illum
244 2746 370 2788 colite
393 2747 659 2800 Aquinatem.
689 2747 771 2788 Die
793 2747 848 2787 VI
871 2744 1136 2799 Septembris
1159 2743 1585 2786 MCCCCLXXXIX.

106 2817 154 2858 In
186 2830 290 2871 agro
325 2817 520 2871 Caregio.

226 2910 236 2929 ยน
263 2922 297 2955 p.
325 2911 403 2945 902.
