1898 3278
244 126 289 158 14

352 266 419 301 Jo.
451 264 630 300 Vitezio
661 263 996 310 Vesprimiensi
1024 274 1078 300 ac
1105 262 1363 299 Viennensi
1393 263 1621 310 Episcopo

838 327 884 369 (p.
918 325 996 358 224.
1028 325 1131 367 225).

391 411 600 451 Maximus
634 410 822 462 Alcides,
858 416 990 451 totum
1027 411 1097 463 qui
1130 410 1290 451 viribus
1324 409 1469 451 orbem

448 481 562 522 Vixit
596 488 637 522 et
669 481 842 522 immota
875 481 1048 522 sustulit
1081 488 1198 522 astra
1231 494 1359 521 manu

389 552 598 606 Pauperis
630 552 819 594 Evandri
851 559 1004 594 tenues
1038 552 1221 594 subiisse
1254 557 1436 606 penates

449 623 627 676 Dicitur,
662 630 704 665 et
736 637 910 664 mensas
943 636 1075 677 parve
1109 622 1331 664 Molorche
1364 628 1474 665 tuas.

389 695 451 736 Te
485 708 653 748 quoque
688 695 855 736 sidereo
888 694 1070 735 Praesul
1103 693 1353 747 dignissime
1388 699 1513 736 caetu

448 767 574 808 Haud
606 766 768 820 pudeat
801 772 972 807 nostras
1006 765 1310 806 concelebrare
1345 764 1495 819 dapes.

388 839 497 880 Jane
532 844 732 879 serenato
767 837 838 889 (1111
871 836 1085 890 conspicis
1120 836 1263 877 omnia
1294 836 1427 887 vultu,

448 909 623 950 Reddas
657 916 838 962 aspectu
871 907 1053 962 prandia
1085 907 1202 948 laeta
1234 913 1318 948 tuo.

388 981 492 1021 Este
526 980 675 1034 procul
708 992 849 1031 curae,
885 978 978 1020 duri
1011 979 1158 1033 procul
1192 985 1285 1020 este
1319 978 1503 1020 labores.

451 1052 544 1093 Sint
578 1051 776 1102 choreae,
810 1050 913 1101 ludi,
947 1050 1126 1104 plectra,
1160 1049 1325 1103 Cupido
1359 1050 1545 1091 merum!

389 1124 579 1176 Quisque
611 1123 747 1174 bibat,
782 1121 860 1163 sed
892 1122 1015 1176 plura
1047 1121 1172 1162 bibas
1205 1127 1249 1161 tu
1281 1120 1437 1175 pocula
1462 1121 1584 1174 largo

447 1195 647 1245 Nectare,
681 1193 867 1246 dumque
898 1192 1011 1234 bibis
1044 1192 1149 1233 talia
1180 1192 1313 1233 verba
1346 1198 1524 1233 sonent:

391 1266 483 1307 Sint
501 1265 592 1316 tibi,
610 1265 805 1315 Praesul,
825 1277 944 1318 opes,
965 1264 1019 1305 sit
1037 1264 1185 1314 honor,
1206 1264 1261 1304 sit
1278 1263 1430 1316 gloria,
1455 1261 1671 1316 splendor,

448 1337 501 1377 Et
534 1335 681 1377 videat
712 1335 858 1388 Pylios
891 1335 1008 1376 laeta
1041 1340 1219 1375 senecta
1252 1334 1356 1375 dies.

391 1408 484 1449 Sint
516 1408 599 1449 cito
632 1420 847 1461 purpureo
879 1412 954 1447 tua
986 1412 1181 1459 tempora
1214 1405 1354 1447 cincta
1386 1406 1547 1459 galero,

448 1478 641 1521 Accedat
674 1478 842 1519 culmen
875 1476 1122 1532 pontificale
1156 1477 1245 1519 tibi.

389 1550 585 1592 Candida
617 1549 787 1591 fumoso
821 1547 1025 1589 madeant
1058 1548 1262 1601 crystalla
1293 1547 1516 1601 phalerno,

450 1622 603 1663 Omnia
634 1620 831 1662 iucundis
866 1619 949 1660 sint
981 1620 1077 1661 loca
1109 1620 1239 1673 plena
1271 1619 1390 1660 iocis.

387 1693 583 1746 Namque
615 1694 708 1735 ioco
739 1698 781 1734 et
806 1692 954 1745 requie
988 1691 1150 1746 gaudet
1178 1691 1391 1733 formosus
1425 1690 1591 1745 Apollo,

450 1764 591 1818 Saepe
625 1763 879 1806 racemifero
914 1768 979 1803 est
1010 1763 1154 1804 vincta
1185 1763 1378 1804 Minerva
1410 1763 1517 1803 Deo.

389 1836 488 1878 Otia
521 1836 592 1888 qui
625 1836 776 1877 sumsit
808 1835 939 1875 multo
973 1834 1211 1875 ferventius
1243 1834 1371 1885 idem,

448 1907 681 1949 Postmodo
713 1906 881 1947 virtutis
914 1904 1079 1958 grande
1112 1905 1280 1959 peregit
1312 1918 1431 1959 opus.

552 2094 800 2141 Inscriptio
827 2094 877 2130 in
902 2094 1002 2130 1000
1037 2093 1208 2130 Judicii
1237 2093 1415 2130 summi.

388 2194 586 2235 Praemia
618 2208 671 2235 ne
703 2195 815 2235 iusto
850 2193 1004 2244 desint,
1039 2207 1093 2234 ne
1126 2206 1269 2247 poena
1301 2192 1475 2233 nocenti

449 2265 656 2307 Conditus
689 2265 758 2306 1110
790 2265 933 2318 legum
970 2270 1036 2305 est
1067 2264 1343 2316 institiaeque
1376 2264 1508 2304 locus.

389 2337 480 2378 Rex
512 2336 759 2377 Vladislaus
792 2335 957 2390 patriae
990 2335 1194 2377 flectebat
1227 2335 1436 2386 habenas,

449 2408 604 2450 Nobile
639 2421 720 2460 (1110
754 2407 845 2449 fieri
877 2406 959 2448 hoc
991 2412 1183 2460 tempore
1217 2405 1341 2446 iussit
1374 2404 1517 2459 opus.l

362 2617 371 2636 ¹
415 2618 611 2655 „Prot-eres
650 2618 710 2661 qui
748 2618 832 2652 huic
870 2617 1004 2651 iudicio
1037 2617 1268 2659 praesidetis,
1307 2616 1443 2661 publici
1479 2626 1623 2660 quoque
1650 2626 1731 2659 pro-

241 2677 381 2711 vinciae
410 2678 561 2718 scribae,
600 2677 687 2711 item
713 2678 857 2720 patroni
884 2687 1074 2711 causarum
1102 2680 1138 2711 et
1163 2680 1293 2717 testes,
1332 2685 1530 2719 omnesque
1559 2675 1628 2716 alii,
1667 2686 1733 2718 per

243 2746 334 2780 (11103
374 2746 506 2770 causae
544 2736 713 2770 forenses
753 2739 909 2781 aguntur
946 2747 1075 2777 rerum,
1115 2736 1324 2770 Vladislaus
1350 2745 1417 2769 vos
1444 2735 1546 2769 iubet
1578 2734 1730 2779 diligere

240 2796 428 2837 iustitiam,
467 2796 684 2831 calumniam
722 2796 1024 2840 iniquitatemque
1064 2806 1207 2830 omnem
1246 2805 1386 2837 cavere,
1414 2795 1516 2829 cuius
1543 2794 1732 2837 imperium

243 2856 272 2888 >i
300 2856 334 2889 in
361 2856 570 2899 praesentia
597 2856 743 2890 eludere
770 2855 931 2895 tentatis,
971 2858 1191 2889 mementote
1220 2865 1287 2889 vos
1314 2853 1527 2898 propediem
1554 2856 1637 2888 ante
1664 2853 1730 2888 Dei

240 2915 397 2948 tribunal
424 2914 577 2956 futuros,
610 2925 717 2958 quem
742 2914 905 2949 inludere
932 2925 1005 2948 non
1031 2914 1233 2957 poteritis.“
