1955 3278
322 137 391 170 238

324 789 391 823 190

325 1145 391 1177 195

325 1503 392 1538 200

324 1861 391 1895 205

331 2934 350 2966 [0

355 2935 373 2966 PC

379 2934 398 2966 0

440 281 728 322 Praestabant
760 280 900 322 viduis
935 281 1142 335 suffragia
1175 287 1299 334 grata
1330 280 1503 331 relictis,

500 353 577 393 Ast
610 351 741 404 aliqui
773 364 968 392 nummos
1003 365 1055 392 ex
1089 351 1249 405 pietate
1285 350 1459 393 dabant.

446 423 521 464 Ille
556 423 809 464 machaonio
842 423 1008 464 miseris
1043 422 1250 464 succurrit
1282 422 1445 476 egenis.

499 494 681 545 Auxilio,
714 501 831 548 potu,
866 494 1072 544 vestibus,
1108 502 1237 546 atque
1272 494 1397 547 dape.

440 566 618 606 Talibus
651 565 805 607 officiis
839 565 970 606 vestri
1003 578 1195 606 meruere
1228 571 1446 618 parentes,

500 636 702 678 Nancisci
734 637 863 683 licite,
899 643 1126 678 stemmata
1159 637 1288 680 clara.
1323 636 1511 678 thronos.

441 708 562 749 Tunc
594 721 817 762 procerum
850 708 990 749 fuerat
1024 721 1200 749 concors
1235 707 1477 749 coniunctio
1510 720 1686 759 morum,

503 779 735 833 Corruptus
767 779 896 820 iudex
930 780 1072 820 nullus
1104 779 1146 819 in
1180 779 1284 820 urbe
1317 779 1409 820 fuit.

443 849 513 892 Sic
544 851 728 905 populus
762 850 917 890 mansit
949 851 1061 891 iusta
1094 849 1172 891 sub
1205 850 1304 903 lege
1338 851 1520 902 quietus,

501 921 712 975 Sepositis
746 921 860 968 rixis,
896 934 1114 973 causaque
1148 934 1246 961 rara
1277 920 1356 961 fuit

441 993 494 1033 Et
526 993 671 1033 natale
706 993 841 1034 solum
875 992 1106 1045 tranquilla
1138 1005 1247 1046 pace
1279 992 1457 1045 vigebat

500 1063 590 1105 Nec
622 1064 759 1105 timuit
792 1064 1029 1116 quisquam,
1065 1077 1145 1105 nec
1177 1077 1310 1117 pavor
1341 1062 1425 1104 illis
1459 1069 1560 1103 erat.

445 1134 626 1176 Vomere
661 1135 853 1177 sollicitis
888 1135 1084 1176 manibus
1117 1135 1317 1177 robustus
1352 1141 1506 1185 arator,

502 1206 706 1248 Gaudens
739 1206 991 1260 frugiferam
1025 1207 1284 1248 sollicitabat
1316 1206 1503 1257 humum,

445 1278 642 1319 Rusticus
676 1285 718 1319 et
750 1279 892 1320 varias
924 1279 1057 1320 hortis
1091 1286 1374 1332 transponere
1407 1278 1579 1331 plantas

500 1350 675 1404 Irriguis
710 1356 879 1404 poterat
912 1351 1077 1391 semina
1110 1356 1264 1391 cuncta
1296 1350 1451 1403 palam.

442 1422 604 1463 Vinitor
637 1430 679 1463 et
711 1429 884 1463 teneras
919 1435 1069 1463 secure
1103 1435 1263 1475 ponere
1297 1421 1421 1473 vites,

502 1494 713 1547 Agricolis
747 1494 895 1535 dulces
929 1493 1118 1535 foemina
1149 1493 1261 1535 ferre
1296 1493 1445 1547 dapes,

402 1580 405 1584 ·
443 1565 629 1619 Carpere
663 1579 899 1620 purpureos
933 1565 1069 1619 potuit
1102 1565 1354 1619 virguncula
1386 1564 1526 1615 flores,

503 1636 743 1678 Gramineis
778 1637 940 1690 campis
975 1636 1138 1689 absque
1172 1636 1319 1677 timore
1353 1649 1471 1690 puer.

442 1709 495 1749 Et
527 1715 721 1750 matrona
754 1721 888 1748 senex
920 1707 1078 1749 herbas
1111 1708 1354 1761 fungosque
1387 1712 1586 1748 recentes

501 1780 736 1834 Explorare
771 1779 889 1823 satis,
924 1792 1102 1833 pascua,
1136 1792 1247 1830 rura⁷
1282 1791 1454 1832 greges.

445 1851 630 1905 Saepius
663 1852 704 1892 in
737 1851 861 1892 viridi
894 1864 1018 1892 cursu
1051 1851 1315 1903 iuvenesque
1350 1850 1549 1891 solebant

503 1922 675 1976 Cespite
710 1923 904 1964 certatim
938 1921 1157 1976 plaudere,
1191 1934 1310 1972 voce,
1346 1934 1486 1961 manu.

445 1994 531 2035 Ceu
564 1994 685 2048 pueri
717 1994 821 2035 laeti
853 1994 989 2047 rigido
1024 1993 1203 2035 custode
1236 1998 1412 2044 remoto,

502 2065 670 2107 Intente
703 2065 827 2107 ludos
861 2064 1164 2107 concelebrare
1199 2065 1352 2115 solent,

444 2137 597 2177 Pastor
631 2144 672 2178 et
704 2137 746 2177 in
781 2136 943 2190 campis
975 2136 1166 2190 pecudes
1199 2136 1408 2189 pascebat
1441 2135 1600 2189 apertis

502 2208 739 2249 Effundens
775 2208 966 2262 placidos
999 2208 1139 2249 laetus
1173 2207 1228 2248 ad
1261 2213 1378 2248 astra
1410 2219 1540 2248 sonos

444 2280 661 2321 Interdum
695 2280 832 2321 densa
865 2293 1058 2320 somnum
1092 2278 1293 2332 capiebat
1325 2279 1367 2319 in
1400 2278 1564 2329 umbra,

506 2351 692 2393 Securus
726 2352 866 2393 tacitis
900 2363 1073 2405 prorsus
1108 2350 1161 2391 ab
1195 2349 1374 2390 insidiis.

446 2423 668 2464 Lathmius
702 2430 747 2463 ut
780 2422 992 2475 quondam
1027 2422 1160 2463 fertur
1194 2421 1383 2475 spirasse
1418 2421 1605 2474 quietem

504 2494 743 2548 Endymion
776 2493 994 2540 blandam,
1029 2492 1220 2547 gramine
1255 2493 1355 2533 dum
1386 2492 1529 2533 iacuit.

450 2565 645 2607 Candida
678 2565 776 2606 dum
811 2578 1002 2606 somnum
1037 2564 1291 2605 ministravit
1322 2564 1423 2604 luna
1456 2562 1683 2604 salubrem.

507 2637 682 2678 Cautius
716 2643 760 2677 ut
792 2643 940 2691 posset
972 2636 1096 2677 basia
1129 2635 1259 2676 chara
1292 2635 1406 2676 dare.

449 2709 610 2749 Gnosia
644 2709 752 2749 sicut
786 2714 828 2749 et
861 2707 1059 2749 accubuit
1093 2706 1276 2747 defensa
1309 2706 1469 2756 labore,

506 2779 679 2820 Thesea
712 2781 810 2820 dum
842 2778 1047 2831 liquidum
1080 2784 1409 2831 prosequeretur
1440 2777 1530 2818 iter.

448 2851 612 2892 Fistula
645 2850 830 2903 pastoris
862 2849 1004 2904 lepide
1038 2848 1269 2889 resonabat
1302 2848 1473 2900 ubique,

510 2922 630 2963 Tunc
663 2921 759 2962 ideo
794 2921 962 2961 mollem
996 2920 1192 2974 praebuit
1226 2919 1358 2960 herba
1391 2926 1540 2960 torum.
