1898 3278
1541 151 1584 183 65

106 294 189 336 nisi
221 307 331 347 quae
362 294 579 335 literarum
616 294 808 335 viverent
841 294 1138 335 monumentis.
1186 294 1247 335 Eo
1281 293 1452 334 tandem
1486 301 1585 335 tuae

106 365 268 418 gloriae
301 377 455 406 nomen
489 371 683 406 evectum
717 370 795 415 est,
834 371 879 405 ut
911 377 1060 405 omnes
1092 371 1133 405 te
1167 365 1286 406 vivos
1321 372 1362 406 et
1399 372 1586 406 mortuos

105 435 223 476 iuxta
265 435 553 490 promeruisse
598 434 848 489 praedicent
880 441 922 475 et
954 435 1119 487 utrique
1163 435 1425 476 immortales
1457 436 1586 476 bene-

105 506 304 548 ficentiae
326 512 425 547 tuae
449 506 610 560 gratias
634 505 806 555 debere,
839 504 1026 558 ingenue
1058 504 1285 546 fateantur.
1319 505 1438 559 Opus
1460 506 1588 559 igitur

106 577 187 618 hoc
219 577 435 618 Maiestati
466 583 579 628 tuae,
626 589 791 618 summa
836 576 1081 628 eloquentia
1114 582 1156 616 et
1188 576 1426 617 eruditione
1465 590 1586 630 prae-

107 647 235 699 ditae,
269 654 314 688 ut
340 661 417 702 par
450 654 528 699 est,
561 647 651 688 iure
677 647 882 698 dicamus,
916 652 962 687 ut
985 646 1105 687 cuius
1137 646 1423 688 beneficentia
1445 648 1586 701 singu-

105 719 206 759 laris
251 718 307 759 ad
350 717 621 759 scribendum
665 718 899 771 impulerit,
944 716 988 758 id
1034 717 1125 758 eius
1169 718 1379 771 Principis
1428 719 1588 759 numini

106 788 338 830 dedicetur.
387 788 473 830 Sed
518 789 679 829 utinam
717 789 923 829 materiae
962 788 1172 841 dignitati,
1213 788 1470 840 auribusque
1504 789 1586 830 tuis

104 859 226 901 labor
268 860 350 900 iste
396 859 681 901 satisfaceret.
727 859 884 900 Verum
919 872 1046 911 quum
1079 865 1120 900 te
1167 872 1251 899 non
1285 866 1370 900 tam
1403 859 1587 901 iudicem

107 930 322 984 elegerim,
357 944 482 983 quam
506 930 814 984 appellaverim
847 936 1103 971 assertorem
1131 930 1334 983 religiosa
1360 930 1443 971 hac
1473 930 1587 971 dica-

105 1007 200 1042 tura
219 1015 273 1042 ne
291 1014 439 1055 parum
462 1000 634 1053 quidem
651 1001 837 1042 fortasse
855 1000 1088 1055 proficiam,
1108 1001 1265 1054 quippe
1288 1014 1397 1053 quae
1421 1014 1586 1042 omnem

105 1072 247 1113 iudicii
271 1073 557 1123 severitatem,
576 1079 618 1113 et
637 1071 876 1114 invidorum
899 1071 1244 1113 maledicentiam
1267 1072 1489 1113 inclinabit
1513 1106 1519 1111 .
1546 1107 1552 1112 .
1578 1107 1585 1113 .

105 1142 304 1194 Proinde,
322 1143 529 1197 Princeps
551 1143 830 1197 pientissime,
856 1156 963 1196 opus
987 1142 1063 1183 tibi
1082 1141 1268 1183 dicatum
1287 1156 1423 1195 aequo
1448 1143 1587 1184 animo

105 1213 266 1267 accipe,
312 1220 353 1254 et
385 1214 645 1255 immortales
691 1214 809 1255 Deos
854 1213 1032 1265 imitare,
1073 1213 1142 1265 qui
1176 1227 1308 1267 parvo
1341 1213 1464 1254 thure
1498 1214 1587 1268 pla-

106 1290 267 1335 cantur,
313 1299 394 1326 nec
426 1285 598 1326 minima
630 1298 826 1337 quaeque
860 1285 993 1326 sacris
1039 1285 1304 1338 operantium
1337 1285 1589 1325 munuscula

106 1355 417 1405 abominantur,
450 1356 523 1397 ubi
556 1356 591 1396 si
625 1355 724 1408 quid
757 1355 884 1397 laude
919 1356 1092 1409 dignum
1126 1355 1354 1406 inveneris,
1387 1355 1431 1396 id
1466 1354 1588 1396 Sere-

105 1427 250 1467 nitatis
283 1427 403 1468 Tuae
436 1427 596 1467 numini
628 1426 898 1468 tribuendum
920 1439 1030 1478 quae
1052 1426 1107 1467 ad
1130 1426 1401 1468 scribendum
1423 1426 1589 1480 impulit

105 1503 147 1538 et
179 1498 398 1551 aspiravit,
445 1496 517 1549 sini
549 1512 650 1540 vero
693 1497 794 1551 quid
825 1498 1030 1552 ineptum,
1075 1498 1136 1538 rei
1177 1496 1472 1550 magnitudini,
1515 1498 1588 1538 im-

103 1568 324 1610 becillitati
369 1582 490 1610 meae
537 1583 587 1611 ac
631 1569 834 1623 temporis
878 1569 1078 1610 brevitati
1121 1568 1431 1622 imputandum,
1478 1581 1586 1620 quae

103 1638 245 1680 foetus
279 1639 410 1681 edidit
442 1640 697 1681 immaturos.
733 1640 838 1681 Vale
865 1639 993 1693 igitur
1018 1639 1135 1687 felix,
1171 1646 1213 1680 et
1238 1639 1368 1680 libros
1396 1639 1586 1692 perlege,

105 1711 177 1751 ubi
198 1718 351 1752 cuncta
373 1711 576 1752 maiorum
599 1717 764 1752 tuorum
798 1717 922 1764 gesta
949 1723 1032 1751 non
1057 1710 1147 1751 sine
1169 1711 1387 1763 voluptate
1423 1723 1587 1751 summa

104 1794 414 1834 recognoscere
448 1782 605 1823 licebit.

107 1990 182 2026 Ad.
207 1989 375 2028 Divum
406 1990 664 2033 Mammam,
692 1989 944 2036 Ungariae,
982 1991 1247 2033 Bohemiae,
1279 1991 1587 2038 Austriaeque

105 2055 291 2101 Regem,
324 2054 590 2102 Principem
616 2055 991 2097 Invictissimum,
1022 2054 1222 2091 Antonii
1249 2056 1456 2092 Bonfinis
1484 2057 1588 2092 Tra-

107 2120 264 2157 duetio
291 2121 346 2156 In
370 2120 705 2156 Philostratum
724 2121 978 2163 Lemnium,
999 2120 1261 2167 Sophistam
1287 2122 1588 2158 Praestantis-

202 2185 380 2228 simum,
409 2186 469 2221 Et
495 2186 550 2222 In
575 2185 742 2222 Primis
768 2186 1008 2222 Praefatio
1035 2185 1259 2222 Feliciter
1285 2185 1492 2232 Incipit.¹

223 2290 318 2331 Non
352 2291 578 2333 erubescat
622 2291 803 2344 amplius
848 2291 943 2344 ipsa
982 2290 1211 2344 posteritas
1244 2290 1454 2331 beneficio
1501 2298 1588 2341 tuo,

107 2361 217 2403 Dive
237 2361 409 2409 Mathia,
428 2368 654 2415 postquam
675 2375 802 2415 opere
821 2358 984 2415 (opera)
1008 2368 1049 2402 et
1069 2362 1219 2402 virtute
1236 2368 1309 2401 tua
1326 2361 1486 2402 factum
1510 2368 1588 2411 est,

108 2440 151 2473 ut
175 2445 270 2473 cum
293 2432 480 2486 gloriosa
511 2439 726 2474 vetustate
751 2440 914 2474 certare
934 2432 1024 2485 jam
1048 2432 1230 2473 audeat:
1266 2432 1392 2484 quod,
1416 2433 1589 2473 caeteris

106 2503 428 2556 praetermissis,
464 2517 516 2545 ex
548 2504 660 2545 bello
693 2510 855 2545 tantum
889 2502 1155 2554 Alamam'co,
1195 2516 1249 2544 ne
1282 2503 1324 2543 in
1358 2511 1486 2557 eaput
1519 2517 1588 2544 ex-

108 2586 301 2616 crescere
333 2574 566 2625 videamur,
612 2575 781 2628 planius
814 2574 1076 2616 ostendetur.
1126 2574 1235 2615 Nam
1276 2587 1370 2615 cum
1415 2574 1589 2627 profuso

228 2760 238 2780 ¹
264 2760 292 2793 E
319 2759 569 2804 praefatiohoz
590 2750 685 2794 Abel
707 2760 898 2803 czimlapul
920 2760 1025 2805 adja:
1057 2761 1255 2801 „Analecta
1279 2760 1591 2794 Monumentorum

110 2820 226 2853 omnis
253 2819 333 2854 aevi
359 2819 667 2854 Vindobonensia.
708 2819 824 2863 Opera
851 2823 888 2854 et
914 2820 1034 2853 studio
1073 2819 1205 2853 Adami
1231 2820 1414 2854 Francisci
1441 2819 1591 2853 Kollarii

109 2877 285 2912 Pannonii
322 2879 572 2913 Neosoliensis
609 2878 741 2913 Mariae
780 2878 977 2913 Theresiae
1005 2879 1099 2923 Aug.
1127 2879 1170 2913 A.
1211 2878 1393 2919 Consiliis,
1433 2882 1469 2913 et
1494 2879 1589 2923 Aug.

110 2936 358 2972 Bibliothecae
384 2937 680 2971 Vindobonensis
706 2938 813 2971 Primi
842 2937 1045 2972 Custodis.“
1076 2938 1176 2971 Tom.
1205 2938 1247 2972 ΙΙ.
1276 2938 1448 2971 814-28.

180 3018 205 3044 J.
227 3019 322 3045 Anu:
345 3020 505 3046 ANALECTA
526 3028 613 3045 NOVA.
1429 3010 1448 3041 5
