1919 3273
1503 98 1571 132 379

236 241 326 282 Iam
358 241 475 283 volet
508 240 646 282 aurati
679 240 889 294 Capitolia
922 240 1130 283 scandere
1163 241 1265 283 tecti

296 312 518 366 Princeps,
552 317 650 352 sunt
681 311 844 352 meritis
875 311 959 352 ista
991 317 1142 366 parata
1175 312 1273 353 suis.

237 383 401 436 Inclyta
433 383 659 437 purpureis
692 382 888 424 dominus
920 383 1030 424 bene
1063 383 1206 424 retulit
1237 384 1360 424 annis

296 454 492 505 Nomina,
527 459 779 495 consuetum
810 452 1003 495 fascibus
1036 454 1124 507 egit
1155 454 1246 494 iter.

92 640 164 682 Ad
194 642 372 683 eundem
406 640 551 682 divum
588 640 886 682 Vuladz'slaum
925 640 1083 696 Regem
1122 641 1170 682 de
1209 641 1395 683 convivio
1433 640 1573 683 habito

89 711 139 754 ‘m
171 711 346 754 letitiam
373 716 411 753 et
439 711 683 753 memoriam
715 711 858 765 adepti
878 711 1001 767 requi
1028 711 1277 754 Pannonici
1298 711 1402 754 vieto
1430 712 1574 754 Illam-

741 782 932 825 miliano.

236 900 384 954 Nuper
415 901 458 942 in
491 914 589 942 arce
622 900 704 942 fori
736 900 823 943 vidi
856 900 1128 943 discumbere
1161 910 1320 955 patres,

296 971 523 1013 Perfusum
557 971 718 1013 mensis
750 971 939 1024 undique
972 978 1120 1013 nectar
1153 979 1256 1013 erat.

236 1043 347 1084 Hinc
379 1049 505 1097 parte
535 1057 588 1084 ex
622 1043 706 1084 alia
739 1043 942 1084 convivas
975 1049 1122 1085 noster
1154 1043 1346 1085 habebat

296 1114 571 1156 Vuladislaus
605 1128 722 1165 avos,
757 1114 857 1155 dum
878 1109 1067 1155 ¹meliora
1098 1120 1232 1168 putat.

168 1195 188 1228 8
244 1185 364 1227 111100
398 1185 601 1236 decessit,
636 1185 833 1227 convivia
864 1191 1006 1239 portat
1039 1185 1095 1227 ad
1127 1191 1244 1226 astra

295 1256 487 1310 Iuppiter
519 1262 561 1297 et
596 1256 790 1297 dominos
824 1256 981 1297 clamat
1012 1256 1055 1297 in
1088 1262 1205 1297 astra
1238 1256 1354 1297 deos.

239 1327 448 1368 Invitator
481 1326 606 1368 adest
640 1332 681 1368 et
714 1327 927 1380 Principis
961 1332 1090 1379 atque
1123 1327 1332 1368 Tonantis

295 1397 528 1439 Aeneadas
562 1398 724 1452 pariter
757 1397 913 1451 sydera
946 1404 1093 1439 nostra
1126 1398 1286 1440 volunt.

235 1469 326 1517 Ηο0
348 1482 559 1522 responsa
581 1468 744 1510 dabant
765 1469 940 1523 propius
964 1468 1026 1510 sic
1049 1475 1166 1509 ast-ra
1186 1475 1422 1520 manerent,

141 1549 184 1583 10
301 1540 492 1593 Longius
526 1553 552 1580 a
584 1545 699 1581 terra
731 1540 767 1580 si
799 1539 910 1581 bene
943 1546 1059 1581 tecta
1091 1539 1240 1581 forent.

236 1611 428 1666 Iuppiter
458 1611 643 1664 inquirat
677 1611 824 1652 malint
856 1611 926 1664 qui
958 1610 1140 1665 prandia
1173 1611 1306 1662 coelo,

297 1682 387 1724 Nos
421 1682 497 1723 alit
530 1682 733 1736 egregius
766 1683 857 1724 Rex
889 1682 1065 1724 meliore
1099 1682 1206 1723 cibo.

92 1882 163 1923 Ad
183 1882 361 1925 eundem
386 1882 531 1924 divum
560 1882 856 1925 Vuladz‘slaum
878 1883 1109 1938 Hztozyarie
1135 1888 1172 1925 et
1194 1882 1395 1925 Bolzfflnz'e
1422 1885 1577 1940 Regem

84 1952 432 2006 potentissimum
466 1955 515 1997 de
538 1953 723 1997 victoriis
751 1953 842 1996 eins
870 1954 1073 1997 notandis
1100 1955 1149 1997 in
1171 1955 1336 2008 palatio
1361 1956 1578 1998 deaurato.

238 2070 359 2113 Atria
393 2072 613 2127 dispositis
648 2087 814 2115 annosa
846 2073 1049 2115 micantia
1081 2074 1203 2125 ceris,

302 2145 413 2186 Dum
446 2145 637 2199 legerem
669 2146 906 2186 Hectoreos
939 2143 1203 2186 testificabar
1237 2158 1354 2186 avos.

242 2215 339 2257 Non
373 2217 450 2258 tibi
483 2217 711 2270 contigerit
742 2217 885 2269 Reges
919 2222 1117 2269 spectare
1151 2216 1375 2269 superbos,

300 2287 514 2341 Haudque
548 2287 829 2341 triumphales
863 2286 1069 2327 Dardana
1101 2286 1226 2327 turba
1259 2286 1403 2327 duces.

167 2367 187 2398 5
245 2357 434 2412 Aphrica
469 2358 698 2413 Scipiadas
732 2358 784 2399 de
819 2371 865 2398 se
899 2358 1159 2398 clamaverat
1191 2357 1341 2407 hostis,

302 2428 479 2470 Publius
514 2436 556 2471 et
590 2430 775 2471 domitas
807 2428 935 2469 traxit
968 2427 1141 2468 Isaurus
1175 2441 1291 2481 opes.

249 2499 374 2541 Hunc
408 2500 591 2549 Numide
616 2501 844 2550 illustrant,
879 2499 1007 2539 alium
1027 2498 1231 2539 Messana
1251 2504 1466 2551 nepotem,

303 2571 443 2624 Atque
476 2572 739 2613 Numantina
773 2570 887 2623 quod
921 2569 1038 2610 stetit
1071 2582 1169 2610 arce
1203 2569 1346 2610 decus.

244 2641 299 2682 Et
332 2643 479 2684 mortis
512 2643 680 2684 titulum
714 2643 870 2683 tulerat
903 2640 974 2693 qui
1006 2640 1178 2680 nomina
1210 2640 1351 2680 Druso

145 2721 189 2754 10
307 2712 483 2755 Rhenus
516 2714 661 2765 habet,
696 2713 850 2754 misero
885 2724 1012 2763 quam
1045 2710 1186 2751 brevis
1219 2710 1290 2750 ille
1322 2710 1414 2751 fuit.

247 2782 358 2832 Quot
380 2798 554 2825 numero
579 2790 747 2838 gentes,
771 2790 963 2835 torquem
987 2781 1023 2823 si
1046 2780 1186 2822 credis
1204 2781 1464 2834 ademptum,

303 2854 488 2897 Numina
510 2854 685 2909 (Nuntia
696 2854 735 2908 52)
760 2854 941 2895 Corvino
962 2858 1048 2894 tam
1071 2852 1180 2893 bene
1204 2852 1321 2893 venit
1344 2851 1449 2892 avis.
