1919 3273
1540 91 1608 123 427

123 231 303 272 viscunt.
328 231 635 284 Argumentum
660 231 801 284 operis
824 231 995 284 poetica
1018 238 1097 279 est,
1124 238 1165 274 et
1188 238 1411 286 poetarum
1431 233 1609 275 historia

124 315 201 356 per
232 302 423 343 membra
456 302 687 343 decurrens
721 302 1060 355 explicandaque
1084 309 1228 345 tamen
1250 303 1473 345 uberrimis
1497 317 1606 346 com-

124 373 342 414 mentariis
374 379 420 414 ut
452 374 488 414 si
521 386 630 425 quae
663 372 842 413 forsitan
874 373 1018 413 insunt
1051 374 1174 426 quasi
1207 387 1373 428 gemme
1406 388 1491 416 non
1520 375 1605 417 iam

121 444 321 495 legantur
337 444 379 484 in
397 444 568 497 palago.
590 442 677 484 Sed
694 443 858 483 littores
875 440 928 496 (Ῥ)
947 456 1020 484 eos
1039 444 1166 497 igitur
1184 445 1259 486 tibi
1280 446 1606 487 commentarios

116 514 310 555 inuincte
342 527 417 555 rex
449 514 641 554 hortatur
664 527 831 566 quoque
852 514 1038 568 Philippi
1059 515 1214 556 valoris
1238 515 1298 556 tui
1318 517 1604 569 pertinaciter.

121 585 334 638 Urgemus
381 584 545 626 scilicet
578 590 622 624 ut
654 590 773 625 tanto
808 585 983 638 auspice
1026 585 1310 627 studiosorum
1355 588 1515 628 tenella
1546 587 1607 628 in-

120 655 252 709 genia
284 656 345 697 sic
377 655 476 696 inde
510 655 633 708 quasi
666 655 719 696 de
752 655 1012 710 plenissimis
1045 657 1248 698 uberibus
1281 659 1529 700 nutriantur.

687 738 841 779 Valeat
873 738 954 780 Xa.
989 739 1037 781 T.

238 939 278 980 S.
319 938 374 980 R.
421 938 614 993 Aw'qebzos
646 937 909 991 polfzttz'mzusl
956 947 1053 993 post
1084 939 1241 981 invicte
1275 953 1425 981 manus
1458 942 1605 982 oscula

117 1023 151 1052 s.
187 1010 223 1051 d.
270 1023 527 1062 quamquam
572 1023 652 1051 nec
684 1010 855 1051 fortuna
897 1024 1005 1061 mea,
1052 1024 1132 1051 nec
1166 1010 1360 1062 eruditio7
1406 1025 1486 1053 nec
1518 1013 1605 1053 ulla

117 1082 287 1123 omnino
320 1081 453 1123 virtus
487 1081 697 1123 eiusmodi
730 1088 808 1133 est⁷
842 1088 886 1122 ut
918 1081 1077 1123 licitum
1110 1081 1212 1122 mihi
1244 1088 1389 1135 putem
1416 1083 1602 1124 scribere

117 1153 172 1193 ad
203 1158 259 1194 te.
310 1153 401 1194 Rex
432 1152 604 1204 invicte,
647 1159 769 1193 tanta
811 1166 876 1193 me
909 1159 1054 1193 tamen
1096 1153 1316 1206 dignitatis
1362 1153 1602 1207 splendoris

115 1223 335 1277 glorieque
380 1230 465 1275 tue,
512 1230 717 1276 tantaque
762 1224 937 1264 laudum
982 1230 1148 1264 tuarum
1180 1224 1263 1264 iarn
1309 1237 1385 1278 per
1417 1224 1602 1265 omnium

116 1308 192 1336 ora
224 1295 491 1336 volitantium
536 1295 719 1349 perculit
763 1295 986 1336 admiratio
1033 1301 1077 1334 ut
1111 1300 1263 1348 sponte
1300 1308 1378 1336 sua
1411 1296 1602 1336 calamus

114 1366 208 1419 ipse
243 1379 361 1407 meas
407 1366 611 1407 exhibere
644 1366 721 1407 tibi
753 1367 900 1407 literas
946 1367 1095 1406 testari
1139 1366 1325 1406 animum
1358 1365 1600 1420 significare

114 1437 376 1478 voluntatem
404 1437 566 1490 gratias
599 1450 729 1490 agere
755 1437 940 1489 denique
963 1438 1093 1478 totius
1115 1437 1242 1478 etatis
1266 1442 1409 1477 nostre
1430 1437 1600 1477 nomine

115 1507 285 1561 gestiat.
321 1507 414 1557 Que
448 1521 560 1549 nunc
583 1508 783 1549 virtutum
806 1514 971 1549 tuarum
994 1522 1105 1561 pene
1130 1508 1352 1548 celestium
1374 1508 1599 1557 beneficio,

111 1578 196 1619 iam
230 1593 323 1620 cum
356 1579 536 1620 vetustis
582 1579 739 1620 seculis
772 1579 941 1631 iamque
987 1592 1080 1620 cum
1115 1579 1228 1619 omni
1273 1578 1438 1619 fortiter
1471 1579 1601 1620 audet

114 1650 366 1702 antiquitate
401 1650 673 1691 contendere.
708 1650 816 1691 Nam
849 1650 1042 1703 profecto
1071 1650 1107 1691 si
1126 1650 1315 1691 brevitas
1339 1650 1420 1691 hoc
1444 1650 1599 1704 episto-

112 1721 216 1761 laris
239 1728 311 1762 aut
336 1722 372 1762 si
394 1722 502 1762 ratio
526 1722 729 1775 temporis
753 1728 972 1775 pateretur
993 1721 1088 1775 ipsa
1108 1735 1175 1762 me
1196 1720 1360 1762 faceret
1392 1721 1601 1762 audacem

114 1792 274 1833 veritas
308 1798 354 1833 ut
386 1793 616 1834 ostendere
640 1799 893 1847 temptarem
915 1793 1070 1833 nullius
1093 1805 1278 1845 unquam
1306 1799 1497 1833 veterum
1520 1805 1600 1833 nec

112 1863 285 1904 laureas
317 1877 398 1905 nec
432 1870 603 1905 auratos
638 1877 785 1905 currus
819 1877 912 1905 cum
946 1864 1029 1903 tuis
1062 1876 1191 1916 posse
1225 1863 1353 1904 rebus
1386 1862 1599 1915 factisque

111 1946 288 1987 prorsus
320 1935 629 1976 immortalibus
676 1935 927 1989 comparari.
979 1935 1033 1976 Ut
1066 1935 1176 1975 enim
1222 1947 1303 1986 que
1337 1947 1447 1987 pene
1493 1947 1600 1987 puer

111 2004 318 2046 adversus
351 2006 505 2060 impias
539 2006 671 2048 africe
697 2013 970 2047 contumaces
997 2012 1151 2059 gentes
1184 2005 1321 2059 prelia
1343 2005 1531 2058 gesseris
1555 2011 1601 2045 ut

111 2075 231 2117 fusos
243 2076 505 2118 diversorum
518 2077 704 2118 hostium
713 2077 999 2118 validissimos
1016 2077 1227 2117 exercitus
1243 2083 1288 2116 ut
1301 2082 1428 2130 capta
1441 2075 1601 2129 oppida

110 2146 164 2196 vi7
198 2147 355 2200 predas
383 2148 561 2190 abactas
593 2148 816 2202 impositas
846 2147 1089 2189 nationibus
1123 2147 1369 2201 asperrimis
1397 2147 1532 2199 leges,
1556 2152 1601 2187 ut

109 2217 210 2258 item
233 2217 493 2260 domesticas
518 2226 633 2260 artes
658 2225 699 2260 et
720 2218 877 2260 decora
900 2218 1019 2272 pacis
1043 2218 1214 2259 minime
1236 2218 1401 2259 bellicis
1425 2231 1599 2259 conces-

111 2302 210 2329 sura
237 2289 527 2342 praeterirem.
569 2285 738 2339 Quanta
769 2302 814 2330 se
838 2289 939 2329 mihi
963 2288 1137 2330 tandem
1160 2301 1300 2329 rerum
1335 2287 1599 2329 credibilium

110 2359 245 2400 facies
279 2361 466 2414 aperiret
495 2361 531 2402 si
558 2361 783 2402 lacessitos
810 2360 1138 2411 confractosque
1168 2359 1344 2412 remigio
1375 2367 1446 2399 tuo
1470 2359 1599 2399 rudes

110 2430 380 2484 intactosque
404 2432 522 2485 prius
545 2431 697 2472 oceani
720 2431 920 2471 tumentis
943 2430 1096 2471 fluctus
1129 2442 1501 2470 commemorarem
1527 2429 1599 2470 de-

111 2508 283 2555 spectas
308 2502 493 2544 herculis
526 2509 664 2543 metas
687 2502 897 2543 redditum
929 2501 1005 2542 tibi
1037 2502 1175 2554 ipsum
1208 2501 1278 2553 qui
1301 2500 1440 2541 fuerat
1472 2500 1599 2541 inter-

110 2572 256 2614 vulsus
280 2573 426 2614 orbem
452 2579 657 2615 terrarum
682 2572 1008 2624 barbariamque
1031 2571 1145 2612 illam
1168 2584 1221 2612 ne
1250 2571 1488 2612 rumoribus
1510 2571 1598 2623 qui-

110 2642 207 2684 dem
233 2644 357 2685 nobis
391 2650 520 2685 antea
553 2644 658 2685 satis
693 2644 904 2697 cognitam
940 2643 1103 2683 fatuam
1136 2643 1361 2683 immanem
1394 2641 1598 2682 incultam

110 2714 202 2755 siue
221 2727 350 2766 more,
368 2715 459 2755 sine
477 2715 589 2768 lege,
609 2715 701 2756 sine
724 2714 932 2767 religione
955 2713 1091 2754 ferino
1115 2726 1247 2766 prope
1271 2713 1351 2753 ritu
1370 2712 1597 2766 degentem

231 2867 244 2884 ²¹·
270 2867 432 2910 Cappon.
460 2866 540 2901 235.
569 2867 594 2900 f.
622 2867 677 2899 33.
706 2865 747 2898 A.
