<?xml version="1.0" encoding="UTF-8"?>
<!DOCTYPE html PUBLIC "-//W3C//DTD XHTML 1.0 Transitional//EN"
    "http://www.w3.org/TR/xhtml1/DTD/xhtml1-transitional.dtd">
<html xmlns="http://www.w3.org/1999/xhtml" xml:lang="en" lang="en">
 <head>
  <title>
</title>
<meta http-equiv="Content-Type" content="text/html;charset=utf-8" />
  <meta name='ocr-system' content='tesseract 3.04.00' />
  <meta name='ocr-capabilities' content='ocr_page ocr_carea ocr_par ocr_line ocrx_word'/>
</head>
<body>
  <div class='ocr_page' id='page_1' title='image "analectanovaadhi00beuoft_0364.png"; bbox 0 0 1955 3278; ppageno 0'>
   <div class='ocr_carea' id='block_1_1' title="bbox 337 116 409 154">
    <p class='ocr_par' dir='ltr' id='par_1_1' title="bbox 337 116 409 154">
     <span class='ocr_line' id='line_1_1' title="bbox 337 116 409 154; baseline 0 -5"><span class='ocrx_word' id='word_1_1' title='bbox 337 116 409 154; x_wconf 84' lang='lat'>330</span> 
     </span>
    </p>
   </div>
   <div class='ocr_carea' id='block_1_2' title="bbox 339 556 407 588">
    <p class='ocr_par' dir='ltr' id='par_1_2' title="bbox 339 556 407 588">
     <span class='ocr_line' id='line_1_2' title="bbox 339 556 407 588; baseline 0 0"><span class='ocrx_word' id='word_1_2' title='bbox 339 556 407 588; x_wconf 86' lang='lat'>145</span> 
     </span>
    </p>
   </div>
   <div class='ocr_carea' id='block_1_3' title="bbox 341 911 408 945">
    <p class='ocr_par' dir='ltr' id='par_1_3' title="bbox 341 911 408 945">
     <span class='ocr_line' id='line_1_3' title="bbox 341 911 408 945; baseline 0.015 -1"><span class='ocrx_word' id='word_1_3' title='bbox 341 911 408 945; x_wconf 85' lang='lat'>150</span> 
     </span>
    </p>
   </div>
   <div class='ocr_carea' id='block_1_4' title="bbox 342 1271 412 1303">
    <p class='ocr_par' dir='ltr' id='par_1_4' title="bbox 342 1271 412 1303">
     <span class='ocr_line' id='line_1_4' title="bbox 342 1271 412 1303; baseline -0.014 0"><span class='ocrx_word' id='word_1_4' title='bbox 342 1271 412 1303; x_wconf 85' lang='lat'>155</span> 
     </span>
    </p>
   </div>
   <div class='ocr_carea' id='block_1_5' title="bbox 344 1629 414 1663">
    <p class='ocr_par' dir='ltr' id='par_1_5' title="bbox 344 1629 414 1663">
     <span class='ocr_line' id='line_1_5' title="bbox 344 1629 414 1663; baseline 0.014 -1"><span class='ocrx_word' id='word_1_5' title='bbox 344 1629 414 1663; x_wconf 89' lang='grc'>160</span> 
     </span>
    </p>
   </div>
   <div class='ocr_carea' id='block_1_6' title="bbox 347 1986 415 2019">
    <p class='ocr_par' dir='ltr' id='par_1_6' title="bbox 347 1986 415 2019">
     <span class='ocr_line' id='line_1_6' title="bbox 347 1986 415 2019; baseline 0 0"><span class='ocrx_word' id='word_1_6' title='bbox 347 1986 415 2019; x_wconf 82' lang='grc'>165</span> 
     </span>
    </p>
   </div>
   <div class='ocr_carea' id='block_1_7' title="bbox 351 2345 418 2379">
    <p class='ocr_par' dir='ltr' id='par_1_7' title="bbox 351 2345 418 2379">
     <span class='ocr_line' id='line_1_7' title="bbox 351 2345 418 2379; baseline 0.015 -1"><span class='ocrx_word' id='word_1_7' title='bbox 351 2345 418 2379; x_wconf 79' lang='grc'>170</span> 
     </span>
    </p>
   </div>
   <div class='ocr_carea' id='block_1_8' title="bbox 353 2700 420 2735">
    <p class='ocr_par' dir='ltr' id='par_1_8' title="bbox 353 2700 420 2735">
     <span class='ocr_line' id='line_1_8' title="bbox 353 2700 420 2735; baseline -0.015 0"><span class='ocrx_word' id='word_1_8' title='bbox 353 2700 420 2735; x_wconf 83' lang='grc'>175</span> 
     </span>
    </p>
   </div>
   <div class='ocr_carea' id='block_1_9' title="bbox 486 259 1842 2957">
    <p class='ocr_par' dir='ltr' id='par_1_9' title="bbox 486 259 1706 458">
     <span class='ocr_line' id='line_1_9' title="bbox 486 259 1706 314; baseline 0.003 -14"><span class='ocrx_word' id='word_1_9' title='bbox 486 260 721 301; x_wconf 91' lang='lat' dir='ltr'>Hibernam</span> <span class='ocrx_word' id='word_1_10' title='bbox 753 259 952 312; x_wconf 89' lang='lat' dir='ltr'>linquens</span> <span class='ocrx_word' id='word_1_11' title='bbox 981 265 1174 314; x_wconf 88' lang='lat' dir='ltr'>pateram</span> <span class='ocrx_word' id='word_1_12' title='bbox 1198 260 1486 314; x_wconf 81' lang='lat' dir='ltr'>pharetraque</span> <span class='ocrx_word' id='word_1_13' title='bbox 1511 261 1706 314; x_wconf 87' lang='lat' dir='ltr'>decorus,</span> 
     </span>
     <span class='ocr_line' id='line_1_10' title="bbox 486 331 1697 382; baseline 0.003 -11"><span class='ocrx_word' id='word_1_14' title='bbox 486 331 627 372; x_wconf 93' lang='lat' dir='ltr'>Delon</span> <span class='ocrx_word' id='word_1_15' title='bbox 661 331 750 373; x_wconf 86' lang='lat' dir='ltr'>adit</span> <span class='ocrx_word' id='word_1_16' title='bbox 784 331 966 382; x_wconf 86' lang='lat' dir='ltr'>solitam,</span> <span class='ocrx_word' id='word_1_17' title='bbox 1000 331 1196 373; x_wconf 91' lang='lat' dir='ltr'>Phebum</span> <span class='ocrx_word' id='word_1_18' title='bbox 1230 338 1345 373; x_wconf 89' lang='lat' dir='ltr'>stant</span> <span class='ocrx_word' id='word_1_19' title='bbox 1368 332 1515 374; x_wconf 88' lang='lat' dir='ltr'>ordine</span> <span class='ocrx_word' id='word_1_20' title='bbox 1540 333 1697 375; x_wconf 88' lang='lat' dir='ltr'>circum</span> 
     </span>
     <span class='ocr_line' id='line_1_11' title="bbox 489 402 1508 458; baseline -0.001 -15"><span class='ocrx_word' id='word_1_21' title='bbox 489 402 668 444; x_wconf 85' lang='lat' dir='ltr'>Castalii</span> <span class='ocrx_word' id='word_1_22' title='bbox 703 402 903 455; x_wconf 74' lang='lat' dir='ltr'>mixtique</span> <span class='ocrx_word' id='word_1_23' title='bbox 938 403 1055 444; x_wconf 91' lang='lat' dir='ltr'>chori</span> <span class='ocrx_word' id='word_1_24' title='bbox 1088 403 1295 456; x_wconf 88' lang='lat' dir='ltr'>flavisque</span> <span class='ocrx_word' id='word_1_25' title='bbox 1330 404 1508 458; x_wconf 86' lang='lat' dir='ltr'>capillis.</span> 
     </span>
    </p>

    <p class='ocr_par' dir='ltr' id='par_1_10' title="bbox 487 473 1680 742">
     <span class='ocr_line' id='line_1_12' title="bbox 490 473 1628 530; baseline 0.001 -15"><span class='ocrx_word' id='word_1_26' title='bbox 490 473 560 515; x_wconf 83' lang='lat' dir='ltr'>Sic</span> <span class='ocrx_word' id='word_1_27' title='bbox 594 480 637 515; x_wconf 90' lang='lat' dir='ltr'>et</span> <span class='ocrx_word' id='word_1_28' title='bbox 668 474 925 529; x_wconf 72' lang='lat' dir='ltr'>hiperboreo</span> <span class='ocrx_word' id='word_1_29' title='bbox 958 481 1111 528; x_wconf 81' lang='lat' dir='ltr'>gentes</span> <span class='ocrx_word' id='word_1_30' title='bbox 1145 481 1371 528; x_wconf 86' lang='lat' dir='ltr'>cretesque</span> <span class='ocrx_word' id='word_1_31' title='bbox 1406 481 1628 530; x_wconf 81' lang='lat' dir='ltr'>pererrant</span> 
     </span>
     <span class='ocr_line' id='line_1_13' title="bbox 491 545 1680 600; baseline 0.002 -15"><span class='ocrx_word' id='word_1_32' title='bbox 491 545 674 599; x_wconf 81' lang='lat' dir='ltr'>Cynthia</span> <span class='ocrx_word' id='word_1_33' title='bbox 708 558 801 586; x_wconf 88' lang='lat' dir='ltr'>cum</span> <span class='ocrx_word' id='word_1_34' title='bbox 835 545 1027 599; x_wconf 83' lang='lat' dir='ltr'>graditur</span> <span class='ocrx_word' id='word_1_35' title='bbox 1058 545 1160 600; x_wconf 91' lang='lat' dir='ltr'>iuga</span> <span class='ocrx_word' id='word_1_36' title='bbox 1184 545 1383 600; x_wconf 79' lang='lat' dir='ltr'>desuper,</span> <span class='ocrx_word' id='word_1_37' title='bbox 1417 546 1487 587; x_wconf 89' lang='lat' dir='ltr'>ille</span> <span class='ocrx_word' id='word_1_38' title='bbox 1512 546 1680 588; x_wconf 89' lang='lat' dir='ltr'>videtur</span> 
     </span>
     <span class='ocr_line' id='line_1_14' title="bbox 490 616 1557 670; baseline 0.002 -13"><span class='ocrx_word' id='word_1_39' title='bbox 490 616 683 658; x_wconf 91' lang='lat' dir='ltr'>Vallibus</span> <span class='ocrx_word' id='word_1_40' title='bbox 715 617 758 657; x_wconf 92' lang='lat' dir='ltr'>in</span> <span class='ocrx_word' id='word_1_41' title='bbox 792 616 945 658; x_wconf 89' lang='lat' dir='ltr'>mediis</span> <span class='ocrx_word' id='word_1_42' title='bbox 979 617 1116 658; x_wconf 89' lang='lat' dir='ltr'>almus</span> <span class='ocrx_word' id='word_1_43' title='bbox 1149 630 1277 670; x_wconf 91' lang='lat' dir='ltr'>quam</span> <span class='ocrx_word' id='word_1_44' title='bbox 1309 618 1453 659; x_wconf 87' lang='lat' dir='ltr'>luceat</span> <span class='ocrx_word' id='word_1_45' title='bbox 1486 630 1557 659; x_wconf 90' lang='lat' dir='ltr'>ore</span> 
     </span>
     <span class='ocr_line' id='line_1_15' title="bbox 487 688 1548 742; baseline 0.002 -14"><span class='ocrx_word' id='word_1_46' title='bbox 487 688 689 742; x_wconf 87' lang='lat' dir='ltr'>Egregio,</span> <span class='ocrx_word' id='word_1_47' title='bbox 724 689 943 741; x_wconf 88' lang='lat' dir='ltr'>sotiosque</span> <span class='ocrx_word' id='word_1_48' title='bbox 976 694 1155 742; x_wconf 85' lang='lat' dir='ltr'>premat,</span> <span class='ocrx_word' id='word_1_49' title='bbox 1187 701 1272 729; x_wconf 92' lang='lat' dir='ltr'>non</span> <span class='ocrx_word' id='word_1_50' title='bbox 1304 689 1427 730; x_wconf 86' lang='lat' dir='ltr'>vilior</span> <span class='ocrx_word' id='word_1_51' title='bbox 1458 688 1548 730; x_wconf 86' lang='lat' dir='ltr'>ibat</span> 
     </span>
    </p>

    <p class='ocr_par' dir='ltr' id='par_1_11' title="bbox 488 758 1648 955">
     <span class='ocr_line' id='line_1_16' title="bbox 488 758 1630 812; baseline 0.003 -13"><span class='ocrx_word' id='word_1_52' title='bbox 488 759 587 812; x_wconf 90' lang='lat' dir='ltr'>Ipse</span> <span class='ocrx_word' id='word_1_53' title='bbox 622 759 714 800; x_wconf 91' lang='lat' dir='ltr'>deis</span> <span class='ocrx_word' id='word_1_54' title='bbox 748 759 896 810; x_wconf 89' lang='lat' dir='ltr'>Ursus,</span> <span class='ocrx_word' id='word_1_55' title='bbox 930 758 1215 800; x_wconf 81' lang='lat' dir='ltr'>famulantum</span> <span class='ocrx_word' id='word_1_56' title='bbox 1247 760 1359 802; x_wconf 88' lang='lat' dir='ltr'>nube</span> <span class='ocrx_word' id='word_1_57' title='bbox 1393 760 1630 802; x_wconf 90' lang='lat' dir='ltr'>ministrum</span> 
     </span>
     <span class='ocr_line' id='line_1_17' title="bbox 491 830 1648 884; baseline 0.002 -13"><span class='ocrx_word' id='word_1_58' title='bbox 491 830 772 883; x_wconf 88' lang='lat' dir='ltr'>Progreditur</span> <span class='ocrx_word' id='word_1_59' title='bbox 805 830 1030 884; x_wconf 86' lang='lat' dir='ltr'>speciosus</span> <span class='ocrx_word' id='word_1_60' title='bbox 1064 844 1212 883; x_wconf 81' lang='lat' dir='ltr'>eques,</span> <span class='ocrx_word' id='word_1_61' title='bbox 1247 831 1418 873; x_wconf 88' lang='lat' dir='ltr'>delecta</span> <span class='ocrx_word' id='word_1_62' title='bbox 1449 832 1648 874; x_wconf 86' lang='lat' dir='ltr'>iuventus</span> 
     </span>
     <span class='ocr_line' id='line_1_18' title="bbox 489 902 1485 955; baseline 0.003 -13"><span class='ocrx_word' id='word_1_63' title='bbox 489 902 599 943; x_wconf 85' lang='lat' dir='ltr'>Ante</span> <span class='ocrx_word' id='word_1_64' title='bbox 633 902 745 955; x_wconf 90' lang='lat' dir='ltr'>togis</span> <span class='ocrx_word' id='word_1_65' title='bbox 778 902 868 943; x_wconf 88' lang='lat' dir='ltr'>ibat</span> <span class='ocrx_word' id='word_1_66' title='bbox 901 902 1119 954; x_wconf 88' lang='lat' dir='ltr'>decorata,</span> <span class='ocrx_word' id='word_1_67' title='bbox 1153 903 1344 944; x_wconf 89' lang='lat' dir='ltr'>monillia</span> <span class='ocrx_word' id='word_1_68' title='bbox 1377 903 1485 945; x_wconf 89' lang='lat' dir='ltr'>collo</span> 
     </span>
    </p>

    <p class='ocr_par' dir='ltr' id='par_1_12' title="bbox 489 972 1759 2174">
     <span class='ocr_line' id='line_1_19' title="bbox 489 972 1604 1028; baseline 0.001 -14"><span class='ocrx_word' id='word_1_69' title='bbox 489 974 634 1014; x_wconf 88' lang='lat' dir='ltr'>Aurea</span> <span class='ocrx_word' id='word_1_70' title='bbox 666 972 917 1027; x_wconf 86' lang='lat' dir='ltr'>pendebant</span> <span class='ocrx_word' id='word_1_71' title='bbox 950 974 1088 1024; x_wconf 87' lang='lat' dir='ltr'>niveo,</span> <span class='ocrx_word' id='word_1_72' title='bbox 1123 974 1347 1027; x_wconf 87' lang='lat' dir='ltr'>pictosque</span> <span class='ocrx_word' id='word_1_73' title='bbox 1380 974 1604 1028; x_wconf 89' lang='lat' dir='ltr'>premebat</span> 
     </span>
     <span class='ocr_line' id='line_1_20' title="bbox 490 1045 1709 1100; baseline 0.001 -15"><span class='ocrx_word' id='word_1_74' title='bbox 490 1045 673 1097; x_wconf 88' lang='lat' dir='ltr'>Torquis</span> <span class='ocrx_word' id='word_1_75' title='bbox 707 1058 814 1086; x_wconf 88' lang='lat' dir='ltr'>onus</span> <span class='ocrx_word' id='word_1_76' title='bbox 848 1045 1001 1096; x_wconf 88' lang='lat' dir='ltr'>crines,</span> <span class='ocrx_word' id='word_1_77' title='bbox 1036 1045 1236 1086; x_wconf 85' lang='lat' dir='ltr'>humeros</span> <span class='ocrx_word' id='word_1_78' title='bbox 1260 1052 1302 1087; x_wconf 91' lang='lat' dir='ltr'>et</span> <span class='ocrx_word' id='word_1_79' title='bbox 1326 1045 1515 1087; x_wconf 89' lang='lat' dir='ltr'>eburnae</span> <span class='ocrx_word' id='word_1_80' title='bbox 1549 1046 1709 1100; x_wconf 89' lang='lat' dir='ltr'>passim</span> 
     </span>
     <span class='ocr_line' id='line_1_21' title="bbox 489 1116 1613 1169; baseline 0.001 -12"><span class='ocrx_word' id='word_1_81' title='bbox 489 1116 685 1167; x_wconf 78' lang='lat' dir='ltr'>Pectora,</span> <span class='ocrx_word' id='word_1_82' title='bbox 721 1116 910 1169; x_wconf 86' lang='lat' dir='ltr'>Sydonio</span> <span class='ocrx_word' id='word_1_83' title='bbox 944 1117 1101 1158; x_wconf 86' lang='lat' dir='ltr'>tinctas</span> <span class='ocrx_word' id='word_1_84' title='bbox 1135 1130 1241 1169; x_wconf 91' lang='lat' dir='ltr'>quas</span> <span class='ocrx_word' id='word_1_85' title='bbox 1276 1117 1433 1158; x_wconf 90' lang='lat' dir='ltr'>murice</span> <span class='ocrx_word' id='word_1_86' title='bbox 1467 1124 1613 1158; x_wconf 85' lang='lat' dir='ltr'>vestes</span> 
     </span>
     <span class='ocr_line' id='line_1_22' title="bbox 490 1187 1708 1241; baseline -0.001 -11"><span class='ocrx_word' id='word_1_87' title='bbox 490 1189 605 1230; x_wconf 90' lang='lat' dir='ltr'>Voce</span> <span class='ocrx_word' id='word_1_88' title='bbox 628 1189 765 1230; x_wconf 89' lang='lat' dir='ltr'>feram</span> <span class='ocrx_word' id='word_1_89' title='bbox 780 1187 802 1229; x_wconf 70' lang='grc' dir='ltr'>ἶ)</span> <span class='ocrx_word' id='word_1_90' title='bbox 836 1188 1094 1241; x_wconf 87' lang='lat' dir='ltr'>qualemque</span> <span class='ocrx_word' id='word_1_91' title='bbox 1117 1189 1272 1241; x_wconf 90' lang='lat' dir='ltr'>equitis</span> <span class='ocrx_word' id='word_1_92' title='bbox 1295 1188 1485 1231; x_wconf 89' lang='lat' dir='ltr'>narrabit</span> <span class='ocrx_word' id='word_1_93' title='bbox 1507 1189 1708 1230; x_wconf 88' lang='lat' dir='ltr'>amictum</span> 
     </span>
     <span class='ocr_line' id='line_1_23' title="bbox 492 1259 1622 1314; baseline 0.001 -13"><span class='ocrx_word' id='word_1_94' title='bbox 492 1260 671 1301; x_wconf 78' lang='lat' dir='ltr'>Pectine</span> <span class='ocrx_word' id='word_1_95' title='bbox 704 1266 851 1301; x_wconf 87' lang='lat' dir='ltr'>nostra</span> <span class='ocrx_word' id='word_1_96' title='bbox 885 1259 1020 1301; x_wconf 90' lang='lat' dir='ltr'>chelis</span> <span class='ocrx_word' id='word_1_97' title='bbox 1054 1259 1172 1302; x_wconf 87' lang='lat' dir='ltr'>fulvo</span> <span class='ocrx_word' id='word_1_98' title='bbox 1207 1260 1460 1314; x_wconf 88' lang='lat' dir='ltr'>spectabilis</span> <span class='ocrx_word' id='word_1_99' title='bbox 1494 1268 1622 1302; x_wconf 84' lang='lat' dir='ltr'>ostro.</span> 
     </span>
     <span class='ocr_line' id='line_1_24' title="bbox 491 1331 1605 1386; baseline 0 -13"><span class='ocrx_word' id='word_1_100' title='bbox 491 1331 558 1373; x_wconf 90' lang='lat' dir='ltr'>Ad</span> <span class='ocrx_word' id='word_1_101' title='bbox 591 1339 758 1386; x_wconf 87' lang='lat' dir='ltr'>portum</span> <span class='ocrx_word' id='word_1_102' title='bbox 791 1344 950 1373; x_wconf 85' lang='lat' dir='ltr'>venere</span> <span class='ocrx_word' id='word_1_103' title='bbox 983 1344 1125 1385; x_wconf 90' lang='lat' dir='ltr'>pares,</span> <span class='ocrx_word' id='word_1_104' title='bbox 1160 1331 1233 1373; x_wconf 91' lang='lat' dir='ltr'>ubi</span> <span class='ocrx_word' id='word_1_105' title='bbox 1265 1331 1421 1373; x_wconf 87' lang='lat' dir='ltr'>nobilis</span> <span class='ocrx_word' id='word_1_106' title='bbox 1455 1332 1605 1373; x_wconf 90' lang='lat' dir='ltr'>Ancon</span> 
     </span>
     <span class='ocr_line' id='line_1_25' title="bbox 491 1402 1553 1457; baseline 0 -13"><span class='ocrx_word' id='word_1_107' title='bbox 491 1402 713 1445; x_wconf 85' lang='lat' dir='ltr'>Continuis</span> <span class='ocrx_word' id='word_1_108' title='bbox 746 1408 909 1444; x_wconf 88' lang='lat' dir='ltr'>rotatur</span> <span class='ocrx_word' id='word_1_109' title='bbox 943 1403 1080 1455; x_wconf 89' lang='lat' dir='ltr'>aquis,</span> <span class='ocrx_word' id='word_1_110' title='bbox 1116 1415 1370 1457; x_wconf 85' lang='lat' dir='ltr'>semperque</span> <span class='ocrx_word' id='word_1_111' title='bbox 1404 1403 1553 1444; x_wconf 88' lang='lat' dir='ltr'>feritur</span> 
     </span>
     <span class='ocr_line' id='line_1_26' title="bbox 489 1474 1608 1529; baseline 0 -13"><span class='ocrx_word' id='word_1_112' title='bbox 489 1474 675 1516; x_wconf 88' lang='lat' dir='ltr'>Adriaco</span> <span class='ocrx_word' id='word_1_113' title='bbox 708 1480 917 1529; x_wconf 84' lang='lat' dir='ltr'>supposta</span> <span class='ocrx_word' id='word_1_114' title='bbox 948 1474 1068 1525; x_wconf 84' lang='lat' dir='ltr'>mari,</span> <span class='ocrx_word' id='word_1_115' title='bbox 1103 1474 1206 1516; x_wconf 86' lang='lat' dir='ltr'>dant</span> <span class='ocrx_word' id='word_1_116' title='bbox 1237 1475 1336 1516; x_wconf 90' lang='lat' dir='ltr'>vela</span> <span class='ocrx_word' id='word_1_117' title='bbox 1366 1487 1444 1528; x_wconf 91' lang='lat' dir='ltr'>per</span> <span class='ocrx_word' id='word_1_118' title='bbox 1477 1475 1608 1516; x_wconf 86' lang='lat' dir='ltr'>altum</span> 
     </span>
     <span class='ocr_line' id='line_1_27' title="bbox 490 1546 1750 1600; baseline 0 -13"><span class='ocrx_word' id='word_1_119' title='bbox 490 1547 626 1588; x_wconf 89' lang='lat' dir='ltr'>Plena</span> <span class='ocrx_word' id='word_1_120' title='bbox 658 1546 785 1598; x_wconf 87' lang='lat' dir='ltr'>notis,</span> <span class='ocrx_word' id='word_1_121' title='bbox 821 1552 994 1588; x_wconf 89' lang='lat' dir='ltr'>currunt</span> <span class='ocrx_word' id='word_1_122' title='bbox 1016 1546 1215 1600; x_wconf 88' lang='lat' dir='ltr'>pelagus,</span> <span class='ocrx_word' id='word_1_123' title='bbox 1250 1559 1412 1600; x_wconf 90' lang='lat' dir='ltr'>perque</span> <span class='ocrx_word' id='word_1_124' title='bbox 1437 1546 1565 1587; x_wconf 86' lang='lat' dir='ltr'>altius</span> <span class='ocrx_word' id='word_1_125' title='bbox 1589 1559 1750 1599; x_wconf 90' lang='lat' dir='ltr'>aequor</span> 
     </span>
     <span class='ocr_line' id='line_1_28' title="bbox 494 1618 1540 1672; baseline -0.001 -13"><span class='ocrx_word' id='word_1_126' title='bbox 494 1619 736 1672; x_wconf 89' lang='lat' dir='ltr'>Irrumpunt</span> <span class='ocrx_word' id='word_1_127' title='bbox 769 1618 905 1659; x_wconf 87' lang='lat' dir='ltr'>dense</span> <span class='ocrx_word' id='word_1_128' title='bbox 939 1624 1069 1659; x_wconf 86' lang='lat' dir='ltr'>vento</span> <span class='ocrx_word' id='word_1_129' title='bbox 1102 1624 1362 1672; x_wconf 88' lang='lat' dir='ltr'>properante</span> <span class='ocrx_word' id='word_1_130' title='bbox 1396 1618 1540 1658; x_wconf 88' lang='lat' dir='ltr'>carine</span> 
     </span>
     <span class='ocr_line' id='line_1_29' title="bbox 493 1689 1697 1744; baseline 0 -14"><span class='ocrx_word' id='word_1_131' title='bbox 493 1689 707 1744; x_wconf 85' lang='lat' dir='ltr'>Illyricum</span> <span class='ocrx_word' id='word_1_132' title='bbox 741 1695 947 1744; x_wconf 87' lang='lat' dir='ltr'>superant</span> <span class='ocrx_word' id='word_1_133' title='bbox 979 1703 1096 1730; x_wconf 89' lang='lat' dir='ltr'>mare</span> <span class='ocrx_word' id='word_1_134' title='bbox 1130 1695 1298 1744; x_wconf 88' lang='lat' dir='ltr'>postea,</span> <span class='ocrx_word' id='word_1_135' title='bbox 1331 1689 1462 1743; x_wconf 87' lang='lat' dir='ltr'>plena</span> <span class='ocrx_word' id='word_1_136' title='bbox 1496 1689 1697 1731; x_wconf 89' lang='lat' dir='ltr'>secundis</span> 
     </span>
     <span class='ocr_line' id='line_1_30' title="bbox 496 1760 1704 1815; baseline -0.001 -13"><span class='ocrx_word' id='word_1_137' title='bbox 496 1762 691 1803; x_wconf 88' lang='lat' dir='ltr'>Flatibus</span> <span class='ocrx_word' id='word_1_138' title='bbox 714 1767 756 1803; x_wconf 91' lang='lat' dir='ltr'>et</span> <span class='ocrx_word' id='word_1_139' title='bbox 779 1761 986 1803; x_wconf 87' lang='lat' dir='ltr'>tumidum</span> <span class='ocrx_word' id='word_1_140' title='bbox 1019 1760 1280 1814; x_wconf 84' lang='lat' dir='ltr'>frangebant</span> <span class='ocrx_word' id='word_1_141' title='bbox 1308 1760 1492 1802; x_wconf 86' lang='lat' dir='ltr'>carbasa</span> <span class='ocrx_word' id='word_1_142' title='bbox 1514 1768 1704 1815; x_wconf 88' lang='lat' dir='ltr'>pontum.</span> 
     </span>
     <span class='ocr_line' id='line_1_31' title="bbox 494 1830 1759 1886; baseline 0.001 -13"><span class='ocrx_word' id='word_1_143' title='bbox 494 1830 652 1886; x_wconf 89' lang='lat' dir='ltr'>(Parva</span> <span class='ocrx_word' id='word_1_144' title='bbox 672 1830 837 1886; x_wconf 87' lang='lat' dir='ltr'>loquor)</span> <span class='ocrx_word' id='word_1_145' title='bbox 860 1832 977 1874; x_wconf 88' lang='lat' dir='ltr'>fulvo</span> <span class='ocrx_word' id='word_1_146' title='bbox 1000 1846 1053 1873; x_wconf 79' lang='lat' dir='ltr'>ex</span> <span class='ocrx_word' id='word_1_147' title='bbox 1076 1845 1265 1885; x_wconf 87' lang='lat' dir='ltr'>auroque</span> <span class='ocrx_word' id='word_1_148' title='bbox 1292 1831 1521 1886; x_wconf 88' lang='lat' dir='ltr'>splendida</span> <span class='ocrx_word' id='word_1_149' title='bbox 1542 1831 1759 1886; x_wconf 88' lang='lat' dir='ltr'>prendens</span> 
     </span>
     <span class='ocr_line' id='line_1_32' title="bbox 497 1904 1606 1959; baseline -0.001 -12"><span class='ocrx_word' id='word_1_150' title='bbox 497 1905 704 1958; x_wconf 85' lang='lat' dir='ltr'>Culmina,</span> <span class='ocrx_word' id='word_1_151' title='bbox 739 1905 944 1959; x_wconf 85' lang='lat' dir='ltr'>gemmati</span> <span class='ocrx_word' id='word_1_152' title='bbox 979 1911 1185 1959; x_wconf 88' lang='lat' dir='ltr'>superant</span> <span class='ocrx_word' id='word_1_153' title='bbox 1216 1904 1440 1957; x_wconf 89' lang='lat' dir='ltr'>laquearia</span> <span class='ocrx_word' id='word_1_154' title='bbox 1470 1904 1606 1957; x_wconf 90' lang='lat' dir='ltr'>regni.</span> 
     </span>
     <span class='ocr_line' id='line_1_33' title="bbox 498 1976 1659 2030; baseline 0.001 -13"><span class='ocrx_word' id='word_1_155' title='bbox 498 1976 669 2026; x_wconf 80' lang='lat' dir='ltr'>Quanta</span> <span class='ocrx_word' id='word_1_156' title='bbox 700 1976 788 2018; x_wconf 86' lang='lat' dir='ltr'>illic</span> <span class='ocrx_word' id='word_1_157' title='bbox 821 1976 996 2030; x_wconf 81' lang='lat' dir='ltr'>speties,</span> <span class='ocrx_word' id='word_1_158' title='bbox 1030 1976 1282 2029; x_wconf 77' lang='lat' dir='ltr'>variataque</span> <span class='ocrx_word' id='word_1_159' title='bbox 1316 1976 1477 2029; x_wconf 87' lang='lat' dir='ltr'>frigora</span> <span class='ocrx_word' id='word_1_160' title='bbox 1508 1989 1659 2018; x_wconf 89' lang='lat' dir='ltr'>rerum.</span> 
     </span>
     <span class='ocr_line' id='line_1_34' title="bbox 497 2047 1682 2100; baseline 0 -11"><span class='ocrx_word' id='word_1_161' title='bbox 497 2048 574 2089; x_wconf 90' lang='lat' dir='ltr'>Est</span> <span class='ocrx_word' id='word_1_162' title='bbox 608 2049 714 2090; x_wconf 88' lang='lat' dir='ltr'>ebur</span> <span class='ocrx_word' id='word_1_163' title='bbox 746 2054 955 2099; x_wconf 88' lang='lat' dir='ltr'>auratum,</span> <span class='ocrx_word' id='word_1_164' title='bbox 991 2048 1202 2100; x_wconf 88' lang='lat' dir='ltr'>solitoque</span> <span class='ocrx_word' id='word_1_165' title='bbox 1237 2047 1498 2089; x_wconf 86' lang='lat' dir='ltr'>adhamante</span> <span class='ocrx_word' id='word_1_166' title='bbox 1531 2049 1682 2089; x_wconf 89' lang='lat' dir='ltr'>recisa.</span> 
     </span>
     <span class='ocr_line' id='line_1_35' title="bbox 496 2118 1545 2174; baseline 0 -14"><span class='ocrx_word' id='word_1_167' title='bbox 496 2119 708 2161; x_wconf 90' lang='lat' dir='ltr'>Marmora</span> <span class='ocrx_word' id='word_1_168' title='bbox 741 2133 835 2161; x_wconf 92' lang='lat' dir='ltr'>cum</span> <span class='ocrx_word' id='word_1_169' title='bbox 868 2119 993 2174; x_wconf 87' lang='lat' dir='ltr'>pictis</span> <span class='ocrx_word' id='word_1_170' title='bbox 1025 2119 1163 2160; x_wconf 88' lang='lat' dir='ltr'>forma</span> <span class='ocrx_word' id='word_1_171' title='bbox 1196 2119 1406 2160; x_wconf 88' lang='lat' dir='ltr'>certantia</span> <span class='ocrx_word' id='word_1_172' title='bbox 1438 2118 1545 2160; x_wconf 88' lang='lat' dir='ltr'>chiis</span> 
     </span>
    </p>

    <p class='ocr_par' dir='ltr' id='par_1_13' title="bbox 496 2190 1842 2744">
     <span class='ocr_line' id='line_1_36' title="bbox 496 2190 1661 2245; baseline -0.001 -13"><span class='ocrx_word' id='word_1_173' title='bbox 496 2191 605 2232; x_wconf 89' lang='lat' dir='ltr'>Hinc</span> <span class='ocrx_word' id='word_1_174' title='bbox 637 2191 747 2245; x_wconf 91' lang='lat' dir='ltr'>parii</span> <span class='ocrx_word' id='word_1_175' title='bbox 778 2191 961 2245; x_wconf 81' lang='lat' dir='ltr'>lapides,</span> <span class='ocrx_word' id='word_1_176' title='bbox 998 2196 1039 2232; x_wconf 90' lang='lat' dir='ltr'>et</span> <span class='ocrx_word' id='word_1_177' title='bbox 1071 2191 1272 2244; x_wconf 85' lang='lat' dir='ltr'>Hymetia</span> <span class='ocrx_word' id='word_1_178' title='bbox 1305 2191 1430 2243; x_wconf 84' lang='lat' dir='ltr'>signa</span> <span class='ocrx_word' id='word_1_179' title='bbox 1461 2190 1661 2231; x_wconf 85' lang='lat' dir='ltr'>renident</span> 
     </span>
     <span class='ocr_line' id='line_1_37' title="bbox 497 2261 1558 2316; baseline -0.001 -13"><span class='ocrx_word' id='word_1_180' title='bbox 497 2262 639 2304; x_wconf 91' lang='lat' dir='ltr'>Iliacis</span> <span class='ocrx_word' id='word_1_181' title='bbox 672 2263 808 2314; x_wconf 89' lang='lat' dir='ltr'>venis,</span> <span class='ocrx_word' id='word_1_182' title='bbox 842 2262 941 2304; x_wconf 90' lang='lat' dir='ltr'>hinc</span> <span class='ocrx_word' id='word_1_183' title='bbox 973 2262 1208 2316; x_wconf 87' lang='lat' dir='ltr'>Pergamos</span> <span class='ocrx_word' id='word_1_184' title='bbox 1242 2261 1330 2302; x_wconf 89' lang='lat' dir='ltr'>alta</span> <span class='ocrx_word' id='word_1_185' title='bbox 1363 2262 1558 2315; x_wconf 76' lang='lat' dir='ltr'>supellex</span> 
     </span>
     <span class='ocr_line' id='line_1_38' title="bbox 499 2332 1534 2386; baseline -0.001 -11"><span class='ocrx_word' id='word_1_186' title='bbox 499 2334 656 2386; x_wconf 86' lang='lat' dir='ltr'>Enitet‚</span> <span class='ocrx_word' id='word_1_187' title='bbox 690 2334 789 2376; x_wconf 92' lang='lat' dir='ltr'>hinc</span> <span class='ocrx_word' id='word_1_188' title='bbox 822 2334 946 2376; x_wconf 89' lang='lat' dir='ltr'>viridi</span> <span class='ocrx_word' id='word_1_189' title='bbox 978 2333 1193 2375; x_wconf 89' lang='lat' dir='ltr'>radiantia</span> <span class='ocrx_word' id='word_1_190' title='bbox 1226 2346 1333 2374; x_wconf 76' lang='lat' dir='ltr'>saxa</span> <span class='ocrx_word' id='word_1_191' title='bbox 1367 2332 1534 2386; x_wconf 81' lang='lat' dir='ltr'>Syenes</span> 
     </span>
     <span class='ocr_line' id='line_1_39' title="bbox 498 2404 1680 2459; baseline -0.002 -12"><span class='ocrx_word' id='word_1_192' title='bbox 498 2405 673 2457; x_wconf 90' lang='lat' dir='ltr'>Doride,</span> <span class='ocrx_word' id='word_1_193' title='bbox 708 2406 943 2459; x_wconf 88' lang='lat' dir='ltr'>porticibus</span> <span class='ocrx_word' id='word_1_194' title='bbox 976 2405 1145 2459; x_wconf 85' lang='lat' dir='ltr'>magnis</span> <span class='ocrx_word' id='word_1_195' title='bbox 1180 2404 1280 2457; x_wconf 91' lang='lat' dir='ltr'>quid</span> <span class='ocrx_word' id='word_1_196' title='bbox 1312 2404 1469 2445; x_wconf 91' lang='lat' dir='ltr'>deinde</span> <span class='ocrx_word' id='word_1_197' title='bbox 1502 2406 1680 2445; x_wconf 89' lang='lat' dir='ltr'>lacunar</span> 
     </span>
     <span class='ocr_line' id='line_1_40' title="bbox 500 2475 1842 2530; baseline -0.001 -12"><span class='ocrx_word' id='word_1_198' title='bbox 500 2477 758 2518; x_wconf 85' lang='lat' dir='ltr'>Enumerem</span> <span class='ocrx_word' id='word_1_199' title='bbox 773 2476 794 2517; x_wconf 66' lang='lat'>⁵?</span> <span class='ocrx_word' id='word_1_200' title='bbox 819 2476 972 2530; x_wconf 84' lang='lat' dir='ltr'>Stupet</span> <span class='ocrx_word' id='word_1_201' title='bbox 995 2476 1131 2518; x_wconf 85' lang='lat' dir='ltr'>omnis</span> <span class='ocrx_word' id='word_1_202' title='bbox 1153 2489 1287 2529; x_wconf 88' lang='lat' dir='ltr'>eques</span> <span class='ocrx_word' id='word_1_203' title='bbox 1312 2475 1678 2529; x_wconf 85' lang='lat' dir='ltr'>comprehendere</span> <span class='ocrx_word' id='word_1_204' title='bbox 1701 2488 1842 2517; x_wconf 88' lang='lat' dir='ltr'>rarum</span> 
     </span>
     <span class='ocr_line' id='line_1_41' title="bbox 500 2546 1662 2602; baseline -0.003 -12"><span class='ocrx_word' id='word_1_205' title='bbox 500 2548 627 2590; x_wconf 84' lang='lat' dir='ltr'>Urbis</span> <span class='ocrx_word' id='word_1_206' title='bbox 662 2561 782 2602; x_wconf 87' lang='lat' dir='ltr'>opus,</span> <span class='ocrx_word' id='word_1_207' title='bbox 816 2548 987 2590; x_wconf 88' lang='lat' dir='ltr'>iaceant</span> <span class='ocrx_word' id='word_1_208' title='bbox 1021 2548 1158 2589; x_wconf 89' lang='lat' dir='ltr'>crassi</span> <span class='ocrx_word' id='word_1_209' title='bbox 1190 2553 1468 2588; x_wconf 89' lang='lat' dir='ltr'>monumenta</span> <span class='ocrx_word' id='word_1_210' title='bbox 1501 2546 1662 2597; x_wconf 85' lang='lat' dir='ltr'>diserti,</span> 
     </span>
     <span class='ocr_line' id='line_1_42' title="bbox 501 2617 1581 2673; baseline -0.002 -13"><span class='ocrx_word' id='word_1_211' title='bbox 501 2619 825 2673; x_wconf 78' lang='lat' dir='ltr'>Quinquaginta</span> <span class='ocrx_word' id='word_1_212' title='bbox 858 2620 987 2661; x_wconf 82' lang='lat' dir='ltr'>etiam</span> <span class='ocrx_word' id='word_1_213' title='bbox 1020 2618 1199 2673; x_wconf 89' lang='lat' dir='ltr'>pallatia</span> <span class='ocrx_word' id='word_1_214' title='bbox 1231 2618 1340 2658; x_wconf 86' lang='lat' dir='ltr'>fulta</span> <span class='ocrx_word' id='word_1_215' title='bbox 1373 2617 1581 2659; x_wconf 92' lang='lat' dir='ltr'>columnis</span> 
     </span>
     <span class='ocr_line' id='line_1_43' title="bbox 501 2688 1492 2744; baseline -0.001 -13"><span class='ocrx_word' id='word_1_216' title='bbox 501 2690 651 2732; x_wconf 87' lang='lat' dir='ltr'>Flavia</span> <span class='ocrx_word' id='word_1_217' title='bbox 683 2697 883 2744; x_wconf 86' lang='lat' dir='ltr'>preterea</span> <span class='ocrx_word' id='word_1_218' title='bbox 916 2690 1106 2732; x_wconf 87' lang='lat' dir='ltr'>cessabit</span> <span class='ocrx_word' id='word_1_219' title='bbox 1141 2689 1312 2731; x_wconf 88' lang='lat' dir='ltr'>Cesaris</span> <span class='ocrx_word' id='word_1_220' title='bbox 1346 2688 1492 2730; x_wconf 70' lang='lat' dir='ltr'>aedes</span> 
     </span>
    </p>

    <p class='ocr_par' dir='ltr' id='par_1_14' title="bbox 503 2759 1675 2957">
     <span class='ocr_line' id='line_1_44' title="bbox 503 2759 1675 2815; baseline -0.003 -13"><span class='ocrx_word' id='word_1_221' title='bbox 503 2761 593 2803; x_wconf 90' lang='lat' dir='ltr'>Illic</span> <span class='ocrx_word' id='word_1_222' title='bbox 627 2775 712 2803; x_wconf 91' lang='lat' dir='ltr'>non</span> <span class='ocrx_word' id='word_1_223' title='bbox 745 2762 937 2815; x_wconf 81' lang='lat' dir='ltr'>hyemes,</span> <span class='ocrx_word' id='word_1_224' title='bbox 971 2774 1052 2802; x_wconf 87' lang='lat' dir='ltr'>nec</span> <span class='ocrx_word' id='word_1_225' title='bbox 1084 2760 1247 2813; x_wconf 89' lang='lat' dir='ltr'>frigora</span> <span class='ocrx_word' id='word_1_226' title='bbox 1278 2760 1403 2814; x_wconf 89' lang='lat' dir='ltr'>pigra</span> <span class='ocrx_word' id='word_1_227' title='bbox 1436 2759 1675 2812; x_wconf 89' lang='lat' dir='ltr'>quiescunt,</span> 
     </span>
     <span class='ocr_line' id='line_1_45' title="bbox 503 2830 1591 2885; baseline -0.004 -11"><span class='ocrx_word' id='word_1_228' title='bbox 503 2833 600 2874; x_wconf 91' lang='lat' dir='ltr'>Non</span> <span class='ocrx_word' id='word_1_229' title='bbox 632 2833 701 2874; x_wconf 91' lang='lat' dir='ltr'>hic</span> <span class='ocrx_word' id='word_1_230' title='bbox 733 2832 936 2883; x_wconf 87' lang='lat' dir='ltr'>incendit,</span> <span class='ocrx_word' id='word_1_231' title='bbox 971 2845 1051 2874; x_wconf 86' lang='lat' dir='ltr'>nec</span> <span class='ocrx_word' id='word_1_232' title='bbox 1087 2831 1234 2885; x_wconf 78' lang='lat' dir='ltr'>Syrius</span> <span class='ocrx_word' id='word_1_233' title='bbox 1269 2844 1369 2872; x_wconf 89' lang='lat' dir='ltr'>acer</span> <span class='ocrx_word' id='word_1_234' title='bbox 1402 2830 1591 2878; x_wconf 85' lang='lat' dir='ltr'>anhelat,</span> 
     </span>
     <span class='ocr_line' id='line_1_46' title="bbox 503 2902 1651 2957; baseline -0.003 -12"><span class='ocrx_word' id='word_1_235' title='bbox 503 2904 672 2946; x_wconf 86' lang='lat' dir='ltr'>Blanda</span> <span class='ocrx_word' id='word_1_236' title='bbox 706 2905 828 2957; x_wconf 90' lang='lat' dir='ltr'>quies</span> <span class='ocrx_word' id='word_1_237' title='bbox 862 2917 1046 2957; x_wconf 87' lang='lat' dir='ltr'>semper,</span> <span class='ocrx_word' id='word_1_238' title='bbox 1081 2902 1190 2957; x_wconf 89' lang='lat' dir='ltr'>Regi</span> <span class='ocrx_word' id='word_1_239' title='bbox 1223 2909 1308 2944; x_wconf 89' lang='lat' dir='ltr'>stat</span> <span class='ocrx_word' id='word_1_240' title='bbox 1341 2908 1467 2956; x_wconf 83' lang='lat' dir='ltr'>grata</span> <span class='ocrx_word' id='word_1_241' title='bbox 1500 2913 1651 2942; x_wconf 89' lang='lat' dir='ltr'>sereno</span> 
     </span>
    </p>
   </div>
  </div>
 </body>
</html>
