<?xml version="1.0" encoding="UTF-8"?>
<!DOCTYPE html PUBLIC "-//W3C//DTD XHTML 1.0 Transitional//EN"
    "http://www.w3.org/TR/xhtml1/DTD/xhtml1-transitional.dtd">
<html xmlns="http://www.w3.org/1999/xhtml" xml:lang="en" lang="en">
 <head>
  <title>
</title>
<meta http-equiv="Content-Type" content="text/html;charset=utf-8" />
  <meta name='ocr-system' content='tesseract 3.04.00' />
  <meta name='ocr-capabilities' content='ocr_page ocr_carea ocr_par ocr_line ocrx_word'/>
</head>
<body>
  <div class='ocr_page' id='page_1' title='image "analectanovaadhi00beuoft_0362.png"; bbox 0 0 1955 3278; ppageno 0'>
   <div class='ocr_carea' id='block_1_1' title="bbox 328 109 396 144">
    <p class='ocr_par' dir='ltr' id='par_1_1' title="bbox 328 109 396 144">
     <span class='ocr_line' id='line_1_1' title="bbox 328 109 396 144; baseline 0 -1"><span class='ocrx_word' id='word_1_1' title='bbox 328 109 396 144; x_wconf 79' lang='lat'>328</span> 
     </span>
    </p>
   </div>
   <div class='ocr_carea' id='block_1_2' title="bbox 353 264 396 298">
    <p class='ocr_par' dir='ltr' id='par_1_2' title="bbox 353 264 396 298">
     <span class='ocr_line' id='line_1_2' title="bbox 353 264 396 298; baseline -0.047 0"><span class='ocrx_word' id='word_1_2' title='bbox 353 264 396 298; x_wconf 82' lang='lat'>65</span> 
     </span>
    </p>
   </div>
   <div class='ocr_carea' id='block_1_3' title="bbox 354 619 399 653">
    <p class='ocr_par' dir='ltr' id='par_1_3' title="bbox 354 619 399 653">
     <span class='ocr_line' id='line_1_3' title="bbox 354 619 399 653; baseline 0 0"><span class='ocrx_word' id='word_1_3' title='bbox 354 619 399 653; x_wconf 86' lang='lat'>70</span> 
     </span>
    </p>
   </div>
   <div class='ocr_carea' id='block_1_4' title="bbox 355 977 400 1011">
    <p class='ocr_par' dir='ltr' id='par_1_4' title="bbox 355 977 400 1011">
     <span class='ocr_line' id='line_1_4' title="bbox 355 977 400 1011; baseline -0.044 0"><span class='ocrx_word' id='word_1_4' title='bbox 355 977 400 1011; x_wconf 83' lang='lat'>75</span> 
     </span>
    </p>
   </div>
   <div class='ocr_carea' id='block_1_5' title="bbox 358 1336 403 1370">
    <p class='ocr_par' dir='ltr' id='par_1_5' title="bbox 358 1336 403 1370">
     <span class='ocr_line' id='line_1_5' title="bbox 358 1336 403 1370; baseline 0.022 -1"><span class='ocrx_word' id='word_1_5' title='bbox 358 1336 403 1370; x_wconf 83' lang='lat'>80</span> 
     </span>
    </p>
   </div>
   <div class='ocr_carea' id='block_1_6' title="bbox 360 1694 403 1728">
    <p class='ocr_par' dir='ltr' id='par_1_6' title="bbox 360 1694 403 1728">
     <span class='ocr_line' id='line_1_6' title="bbox 360 1694 403 1728; baseline -0.023 0"><span class='ocrx_word' id='word_1_6' title='bbox 360 1694 403 1728; x_wconf 85' lang='lat'>85</span> 
     </span>
    </p>
   </div>
   <div class='ocr_carea' id='block_1_7' title="bbox 363 2052 406 2085">
    <p class='ocr_par' dir='ltr' id='par_1_7' title="bbox 363 2052 406 2085">
     <span class='ocr_line' id='line_1_7' title="bbox 363 2052 406 2085; baseline 0 0"><span class='ocrx_word' id='word_1_7' title='bbox 363 2052 406 2085; x_wconf 90' lang='grc'>90</span> 
     </span>
    </p>
   </div>
   <div class='ocr_carea' id='block_1_8' title="bbox 365 2409 408 2442">
    <p class='ocr_par' dir='ltr' id='par_1_8' title="bbox 365 2409 408 2442">
     <span class='ocr_line' id='line_1_8' title="bbox 365 2409 408 2442; baseline 0 0"><span class='ocrx_word' id='word_1_8' title='bbox 365 2409 408 2442; x_wconf 84' lang='grc'>95</span> 
     </span>
    </p>
   </div>
   <div class='ocr_carea' id='block_1_9' title="bbox 344 2766 412 2800">
    <p class='ocr_par' dir='ltr' id='par_1_9' title="bbox 344 2766 412 2800">
     <span class='ocr_line' id='line_1_9' title="bbox 344 2766 412 2800; baseline 0 0"><span class='ocrx_word' id='word_1_9' title='bbox 344 2766 412 2800; x_wconf 90' lang='grc'>100</span> 
     </span>
    </p>
   </div>
   <div class='ocr_carea' id='block_1_10' title="bbox 476 251 1739 2950">
    <p class='ocr_par' dir='ltr' id='par_1_10' title="bbox 476 251 1403 306">
     <span class='ocr_line' id='line_1_10' title="bbox 476 251 1403 306; baseline 0 -13"><span class='ocrx_word' id='word_1_10' title='bbox 476 252 579 293; x_wconf 90' lang='lat' dir='ltr'>Visa</span> <span class='ocrx_word' id='word_1_11' title='bbox 607 251 677 294; x_wconf 93' lang='lat' dir='ltr'>dei</span> <span class='ocrx_word' id='word_1_12' title='bbox 709 251 858 304; x_wconf 86' lang='lat' dir='ltr'>facies,</span> <span class='ocrx_word' id='word_1_13' title='bbox 893 252 1031 306; x_wconf 88' lang='lat' dir='ltr'>pressi</span> <span class='ocrx_word' id='word_1_14' title='bbox 1067 252 1210 294; x_wconf 88' lang='lat' dir='ltr'>velata</span> <span class='ocrx_word' id='word_1_15' title='bbox 1242 252 1403 294; x_wconf 78' lang='lat' dir='ltr'>Leonis</span> 
     </span>
    </p>

    <p class='ocr_par' dir='ltr' id='par_1_11' title="bbox 476 323 1616 591">
     <span class='ocr_line' id='line_1_11' title="bbox 478 323 1552 377; baseline -0.001 -13"><span class='ocrx_word' id='word_1_16' title='bbox 478 324 699 377; x_wconf 80' lang='lat' dir='ltr'>Tegmine,</span> <span class='ocrx_word' id='word_1_17' title='bbox 732 323 886 365; x_wconf 85' lang='lat' dir='ltr'>nodosi</span> <span class='ocrx_word' id='word_1_18' title='bbox 918 323 1121 377; x_wconf 79' lang='lat' dir='ltr'><strong>gestabat</strong></span> <span class='ocrx_word' id='word_1_19' title='bbox 1153 323 1316 365; x_wconf 86' lang='lat' dir='ltr'>roboris</span> <span class='ocrx_word' id='word_1_20' title='bbox 1350 323 1552 365; x_wconf 89' lang='lat' dir='ltr'>umbram.</span> 
     </span>
     <span class='ocr_line' id='line_1_12' title="bbox 477 395 1549 449; baseline 0 -13"><span class='ocrx_word' id='word_1_21' title='bbox 477 395 645 449; x_wconf 90' lang='lat' dir='ltr'>Aspera</span> <span class='ocrx_word' id='word_1_22' title='bbox 677 395 871 447; x_wconf 78' lang='lat' dir='ltr'>canities,</span> <span class='ocrx_word' id='word_1_23' title='bbox 907 395 1080 437; x_wconf 88' lang='lat' dir='ltr'>stabant</span> <span class='ocrx_word' id='word_1_24' title='bbox 1113 395 1310 448; x_wconf 81' lang='lat' dir='ltr'>oculique</span> <span class='ocrx_word' id='word_1_25' title='bbox 1343 395 1549 448; x_wconf 80' lang='lat' dir='ltr'>minaces,</span> 
     </span>
     <span class='ocr_line' id='line_1_13' title="bbox 477 466 1616 521; baseline 0.001 -14"><span class='ocrx_word' id='word_1_26' title='bbox 477 467 597 507; x_wconf 89' lang='lat' dir='ltr'>Dura</span> <span class='ocrx_word' id='word_1_27' title='bbox 628 466 760 508; x_wconf 90' lang='lat' dir='ltr'>comis</span> <span class='ocrx_word' id='word_1_28' title='bbox 794 472 836 507; x_wconf 87' lang='lat' dir='ltr'>et</span> <span class='ocrx_word' id='word_1_29' title='bbox 868 466 1004 508; x_wconf 91' lang='lat' dir='ltr'>barba</span> <span class='ocrx_word' id='word_1_30' title='bbox 1037 467 1133 517; x_wconf 89' lang='lat' dir='ltr'>situ,</span> <span class='ocrx_word' id='word_1_31' title='bbox 1165 466 1402 520; x_wconf 81' lang='lat' dir='ltr'>rigidisque</span> <span class='ocrx_word' id='word_1_32' title='bbox 1436 467 1616 521; x_wconf 84' lang='lat' dir='ltr'>capillis,</span> 
     </span>
     <span class='ocr_line' id='line_1_14' title="bbox 476 538 1494 591; baseline 0 -12"><span class='ocrx_word' id='word_1_33' title='bbox 476 538 578 591; x_wconf 92' lang='lat' dir='ltr'>Iqsa</span> <span class='ocrx_word' id='word_1_34' title='bbox 608 538 725 591; x_wconf 92' lang='lat' dir='ltr'>loqui</span> <span class='ocrx_word' id='word_1_35' title='bbox 758 538 820 580; x_wconf 91' lang='lat' dir='ltr'>sic</span> <span class='ocrx_word' id='word_1_36' title='bbox 851 538 946 580; x_wconf 85' lang='lat' dir='ltr'>visa</span> <span class='ocrx_word' id='word_1_37' title='bbox 977 538 1056 579; x_wconf 88' lang='lat' dir='ltr'>fuit</span> <span class='ocrx_word' id='word_1_38' title='bbox 1088 538 1284 591; x_wconf 84' lang='lat' dir='ltr'>graviore</span> <span class='ocrx_word' id='word_1_39' title='bbox 1318 539 1494 591; x_wconf 90' lang='lat' dir='ltr'>querela</span> 
     </span>
    </p>

    <p class='ocr_par' dir='ltr' id='par_1_12' title="bbox 478 609 1576 664">
     <span class='ocr_line' id='line_1_15' title="bbox 478 609 1576 664; baseline 0.001 -14"><span class='ocrx_word' id='word_1_40' title='bbox 478 609 633 650; x_wconf 86' lang='lat' dir='ltr'>Forma</span> <span class='ocrx_word' id='word_1_41' title='bbox 665 609 748 652; x_wconf 88' lang='lat' dir='ltr'>dei.</span> <span class='ocrx_word' id='word_1_42' title='bbox 783 609 996 659; x_wconf 80' lang='lat' dir='ltr'>Quidnam</span> <span class='ocrx_word' id='word_1_43' title='bbox 1029 610 1167 664; x_wconf 91' lang='lat' dir='ltr'>potuit</span> <span class='ocrx_word' id='word_1_44' title='bbox 1198 609 1370 651; x_wconf 91' lang='lat' dir='ltr'>fortuna</span> <span class='ocrx_word' id='word_1_45' title='bbox 1402 609 1576 651; x_wconf 90' lang='lat' dir='ltr'>rebellis</span> 
     </span>
    </p>

    <p class='ocr_par' dir='ltr' id='par_1_13' title="bbox 478 680 1739 1593">
     <span class='ocr_line' id='line_1_16' title="bbox 478 680 1577 734; baseline 0.001 -13"><span class='ocrx_word' id='word_1_46' title='bbox 478 681 532 721; x_wconf 89' lang='lat' dir='ltr'>Et</span> <span class='ocrx_word' id='word_1_47' title='bbox 563 681 722 722; x_wconf 91' lang='lat' dir='ltr'>nostris</span> <span class='ocrx_word' id='word_1_48' title='bbox 755 680 925 734; x_wconf 86' lang='lat' dir='ltr'>ingrata</span> <span class='ocrx_word' id='word_1_49' title='bbox 956 680 1079 732; x_wconf 86' lang='lat' dir='ltr'>focis,</span> <span class='ocrx_word' id='word_1_50' title='bbox 1113 694 1333 734; x_wconf 84' lang='lat' dir='ltr'>regnoque</span> <span class='ocrx_word' id='word_1_51' title='bbox 1368 681 1577 731; x_wconf 83' lang='lat' dir='ltr'>Quiritum</span> 
     </span>
     <span class='ocr_line' id='line_1_17' title="bbox 478 751 1739 807; baseline 0.001 -14"><span class='ocrx_word' id='word_1_52' title='bbox 478 752 624 794; x_wconf 90' lang='lat' dir='ltr'>Turba</span> <span class='ocrx_word' id='word_1_53' title='bbox 645 751 819 800; x_wconf 81' lang='lat' dir='ltr'>decens,</span> <span class='ocrx_word' id='word_1_54' title='bbox 843 751 981 805; x_wconf 86' lang='lat' dir='ltr'>magis</span> <span class='ocrx_word' id='word_1_55' title='bbox 1004 765 1111 793; x_wconf 89' lang='lat' dir='ltr'>ausa</span> <span class='ocrx_word' id='word_1_56' title='bbox 1133 752 1281 805; x_wconf 90' lang='lat' dir='ltr'>nequit</span> <span class='ocrx_word' id='word_1_57' title='bbox 1301 752 1480 794; x_wconf 87' lang='lat' dir='ltr'>foedare</span> <span class='ocrx_word' id='word_1_58' title='bbox 1505 758 1739 807; x_wconf 77' lang='lat' dir='ltr'>supersunt</span> 
     </span>
     <span class='ocr_line' id='line_1_18' title="bbox 481 822 1679 876; baseline 0.001 -12"><span class='ocrx_word' id='word_1_59' title='bbox 481 823 573 873; x_wconf 79' lang='lat' dir='ltr'>Quo</span> <span class='ocrx_word' id='word_1_60' title='bbox 606 823 710 864; x_wconf 90' lang='lat' dir='ltr'>mihi</span> <span class='ocrx_word' id='word_1_61' title='bbox 738 836 877 876; x_wconf 83' lang='lat' dir='ltr'>regna</span> <span class='ocrx_word' id='word_1_62' title='bbox 909 822 998 863; x_wconf 88' lang='lat' dir='ltr'>suis</span> <span class='ocrx_word' id='word_1_63' title='bbox 1031 823 1226 875; x_wconf 88' lang='lat' dir='ltr'>quamvis</span> <span class='ocrx_word' id='word_1_64' title='bbox 1259 837 1356 865; x_wconf 89' lang='lat' dir='ltr'>mea</span> <span class='ocrx_word' id='word_1_65' title='bbox 1388 837 1521 865; x_wconf 87' lang='lat' dir='ltr'>saeva</span> <span class='ocrx_word' id='word_1_66' title='bbox 1546 824 1679 865; x_wconf 86' lang='lat' dir='ltr'>ruinis</span> 
     </span>
     <span class='ocr_line' id='line_1_19' title="bbox 479 894 1646 950; baseline 0 -14"><span class='ocrx_word' id='word_1_67' title='bbox 479 895 713 936; x_wconf 89' lang='lat' dir='ltr'>Debellata</span> <span class='ocrx_word' id='word_1_68' title='bbox 744 894 816 935; x_wconf 88' lang='lat' dir='ltr'>diu</span> <span class='ocrx_word' id='word_1_69' title='bbox 848 894 990 946; x_wconf 87' lang='lat' dir='ltr'>fuerit,</span> <span class='ocrx_word' id='word_1_70' title='bbox 1024 901 1169 935; x_wconf 86' lang='lat' dir='ltr'>tamen</span> <span class='ocrx_word' id='word_1_71' title='bbox 1201 895 1396 950; x_wconf 91' lang='lat' dir='ltr'>improba</span> <span class='ocrx_word' id='word_1_72' title='bbox 1429 909 1646 949; x_wconf 88' lang='lat' dir='ltr'>nunquam</span> 
     </span>
     <span class='ocr_line' id='line_1_20' title="bbox 479 965 1518 1019; baseline 0.001 -12"><span class='ocrx_word' id='word_1_73' title='bbox 479 966 658 1007; x_wconf 81' lang='lat' dir='ltr'>Erubuit</span> <span class='ocrx_word' id='word_1_74' title='bbox 690 965 876 1007; x_wconf 88' lang='lat' dir='ltr'>violasse</span> <span class='ocrx_word' id='word_1_75' title='bbox 910 966 1049 1012; x_wconf 89' lang='lat' dir='ltr'>deum,</span> <span class='ocrx_word' id='word_1_76' title='bbox 1084 979 1327 1019; x_wconf 89' lang='lat' dir='ltr'>numenque</span> <span class='ocrx_word' id='word_1_77' title='bbox 1360 967 1518 1008; x_wconf 85' lang='lat' dir='ltr'>vetusti</span> 
     </span>
     <span class='ocr_line' id='line_1_21' title="bbox 480 1037 1580 1092; baseline 0.002 -14"><span class='ocrx_word' id='word_1_78' title='bbox 480 1037 686 1089; x_wconf 85' lang='lat' dir='ltr'>Vindicis,</span> <span class='ocrx_word' id='word_1_79' title='bbox 720 1038 915 1079; x_wconf 89' lang='lat' dir='ltr'>inmense</span> <span class='ocrx_word' id='word_1_80' title='bbox 949 1044 1094 1079; x_wconf 87' lang='lat' dir='ltr'>custos</span> <span class='ocrx_word' id='word_1_81' title='bbox 1128 1051 1221 1080; x_wconf 89' lang='lat' dir='ltr'>sum</span> <span class='ocrx_word' id='word_1_82' title='bbox 1253 1038 1460 1092; x_wconf 83' lang='lat' dir='ltr'>inglorius</span> <span class='ocrx_word' id='word_1_83' title='bbox 1494 1050 1580 1087; x_wconf 71' lang='lat' dir='ltr'>are.</span> 
     </span>
     <span class='ocr_line' id='line_1_22' title="bbox 480 1109 1682 1163; baseline 0.001 -13"><span class='ocrx_word' id='word_1_84' title='bbox 480 1109 576 1150; x_wconf 90' lang='lat' dir='ltr'>Non</span> <span class='ocrx_word' id='word_1_85' title='bbox 610 1110 727 1151; x_wconf 88' lang='lat' dir='ltr'>color</span> <span class='ocrx_word' id='word_1_86' title='bbox 758 1122 784 1150; x_wconf 90' lang='lat' dir='ltr'>a</span> <span class='ocrx_word' id='word_1_87' title='bbox 815 1109 988 1163; x_wconf 87' lang='lat' dir='ltr'>populo,</span> <span class='ocrx_word' id='word_1_88' title='bbox 1022 1122 1104 1151; x_wconf 91' lang='lat' dir='ltr'>nec</span> <span class='ocrx_word' id='word_1_89' title='bbox 1137 1122 1228 1151; x_wconf 87' lang='lat' dir='ltr'>sum</span> <span class='ocrx_word' id='word_1_90' title='bbox 1251 1110 1473 1162; x_wconf 89' lang='lat' dir='ltr'>lustratus,</span> <span class='ocrx_word' id='word_1_91' title='bbox 1507 1109 1682 1151; x_wconf 84' lang='lat' dir='ltr'>harenis</span> 
     </span>
     <span class='ocr_line' id='line_1_23' title="bbox 481 1174 1646 1235; baseline 0 -13"><span class='ocrx_word' id='word_1_92' title='bbox 481 1180 665 1223; x_wconf 90' lang='lat' dir='ltr'>Insedeo</span> <span class='ocrx_word' id='word_1_93' title='bbox 698 1181 875 1235; x_wconf 83' lang='lat' dir='ltr'>sparsis,</span> <span class='ocrx_word' id='word_1_94' title='bbox 908 1181 1012 1222; x_wconf 89' lang='lat' dir='ltr'>mihi</span> <span class='ocrx_word' id='word_1_95' title='bbox 1043 1181 1185 1222; x_wconf 89' lang='lat' dir='ltr'>nullus</span> <span class='ocrx_word' id='word_1_96' title='bbox 1219 1187 1261 1223; x_wconf 93' lang='lat' dir='ltr'>et</span> <span class='ocrx_word' id='word_1_97' title='bbox 1292 1181 1404 1235; x_wconf 83' lang='lat' dir='ltr'>ignis</span> <span class='ocrx_word' id='word_1_98' title='bbox 1437 1174 1646 1223; x_wconf 89' lang='lat' dir='ltr'>honestus</span> 
     </span>
     <span class='ocr_line' id='line_1_24' title="bbox 481 1252 1640 1307; baseline -0.001 -13"><span class='ocrx_word' id='word_1_99' title='bbox 481 1253 529 1294; x_wconf 93' lang='lat' dir='ltr'>In</span> <span class='ocrx_word' id='word_1_100' title='bbox 561 1253 747 1307; x_wconf 87' lang='lat' dir='ltr'>templis,</span> <span class='ocrx_word' id='word_1_101' title='bbox 781 1266 877 1294; x_wconf 91' lang='lat' dir='ltr'>reor</span> <span class='ocrx_word' id='word_1_102' title='bbox 908 1252 990 1294; x_wconf 95' lang='lat' dir='ltr'>hoc</span> <span class='ocrx_word' id='word_1_103' title='bbox 1023 1264 1171 1301; x_wconf 73' lang='lat' dir='ltr'>sevam</span> <span class='ocrx_word' id='word_1_104' title='bbox 1202 1252 1363 1295; x_wconf 81' lang='lat' dir='ltr'>iuvisse</span> <span class='ocrx_word' id='word_1_105' title='bbox 1397 1265 1640 1294; x_wconf 87' lang='lat' dir='ltr'>novercam.</span> 
     </span>
     <span class='ocr_line' id='line_1_25' title="bbox 482 1323 1623 1378; baseline -0.001 -12"><span class='ocrx_word' id='word_1_106' title='bbox 482 1324 617 1367; x_wconf 87' lang='lat' dir='ltr'>Dives</span> <span class='ocrx_word' id='word_1_107' title='bbox 650 1337 765 1366; x_wconf 88' lang='lat' dir='ltr'>eram</span> <span class='ocrx_word' id='word_1_108' title='bbox 798 1323 990 1378; x_wconf 88' lang='lat' dir='ltr'>alcydes,</span> <span class='ocrx_word' id='word_1_109' title='bbox 1024 1324 1108 1366; x_wconf 90' lang='lat' dir='ltr'>huc</span> <span class='ocrx_word' id='word_1_110' title='bbox 1140 1324 1276 1365; x_wconf 90' lang='lat' dir='ltr'>omnis</span> <span class='ocrx_word' id='word_1_111' title='bbox 1310 1324 1435 1366; x_wconf 88' lang='lat' dir='ltr'>turba</span> <span class='ocrx_word' id='word_1_112' title='bbox 1468 1324 1623 1376; x_wconf 83' lang='lat' dir='ltr'>coibat,</span> 
     </span>
     <span class='ocr_line' id='line_1_26' title="bbox 482 1395 1694 1450; baseline -0.001 -13"><span class='ocrx_word' id='word_1_113' title='bbox 482 1396 628 1437; x_wconf 83' lang='lat' dir='ltr'>Thura</span> <span class='ocrx_word' id='word_1_114' title='bbox 661 1395 793 1437; x_wconf 88' lang='lat' dir='ltr'>dabat</span> <span class='ocrx_word' id='word_1_115' title='bbox 826 1396 1009 1450; x_wconf 77' lang='lat' dir='ltr'>supplex</span> <span class='ocrx_word' id='word_1_116' title='bbox 1042 1395 1183 1449; x_wconf 85' lang='lat' dir='ltr'>adytis</span> <span class='ocrx_word' id='word_1_117' title='bbox 1217 1402 1424 1449; x_wconf 79' lang='lat' dir='ltr'>cetusque</span> <span class='ocrx_word' id='word_1_118' title='bbox 1459 1396 1694 1437; x_wconf 89' lang='lat' dir='ltr'>ministrum</span> 
     </span>
     <span class='ocr_line' id='line_1_27' title="bbox 484 1467 1632 1523; baseline -0.001 -14"><span class='ocrx_word' id='word_1_119' title='bbox 484 1468 565 1518; x_wconf 79' lang='lat' dir='ltr'>Qui</span> <span class='ocrx_word' id='word_1_120' title='bbox 598 1468 783 1523; x_wconf 88' lang='lat' dir='ltr'>dapibus</span> <span class='ocrx_word' id='word_1_121' title='bbox 817 1467 1014 1521; x_wconf 88' lang='lat' dir='ltr'>ditesque</span> <span class='ocrx_word' id='word_1_122' title='bbox 1048 1468 1194 1509; x_wconf 88' lang='lat' dir='ltr'>thoros</span> <span class='ocrx_word' id='word_1_123' title='bbox 1226 1467 1438 1509; x_wconf 86' lang='lat' dir='ltr'>reddebat</span> <span class='ocrx_word' id='word_1_124' title='bbox 1473 1467 1632 1516; x_wconf 71' lang='lat' dir='ltr'>honore</span> 
     </span>
     <span class='ocr_line' id='line_1_28' title="bbox 483 1538 1527 1593; baseline -0.001 -12"><span class='ocrx_word' id='word_1_125' title='bbox 483 1539 577 1581; x_wconf 92' lang='lat' dir='ltr'>Heu</span> <span class='ocrx_word' id='word_1_126' title='bbox 609 1539 775 1593; x_wconf 87' lang='lat' dir='ltr'>periere</span> <span class='ocrx_word' id='word_1_127' title='bbox 809 1539 892 1580; x_wconf 90' lang='lat' dir='ltr'>mei</span> <span class='ocrx_word' id='word_1_128' title='bbox 926 1539 1044 1580; x_wconf 90' lang='lat' dir='ltr'>salvo</span> <span class='ocrx_word' id='word_1_129' title='bbox 1078 1552 1185 1591; x_wconf 83' lang='lat' dir='ltr'>quos</span> <span class='ocrx_word' id='word_1_130' title='bbox 1219 1538 1321 1580; x_wconf 90' lang='lat' dir='ltr'>orbe</span> <span class='ocrx_word' id='word_1_131' title='bbox 1354 1539 1527 1580; x_wconf 87' lang='lat' dir='ltr'>labores</span> 
     </span>
    </p>

    <p class='ocr_par' dir='ltr' id='par_1_14' title="bbox 484 1602 1730 2235">
     <span class='ocr_line' id='line_1_29' title="bbox 485 1602 1625 1664; baseline -0.002 -11"><span class='ocrx_word' id='word_1_132' title='bbox 485 1602 612 1653; x_wconf 52' lang='lat' dir='ltr'>GEssi</span> <span class='ocrx_word' id='word_1_133' title='bbox 643 1611 758 1652; x_wconf 88' lang='lat' dir='ltr'>mille</span> <span class='ocrx_word' id='word_1_134' title='bbox 790 1616 946 1664; x_wconf 88' lang='lat' dir='ltr'>potens</span> <span class='ocrx_word' id='word_1_135' title='bbox 980 1618 1022 1652; x_wconf 92' lang='lat' dir='ltr'>et</span> <span class='ocrx_word' id='word_1_136' title='bbox 1054 1611 1190 1652; x_wconf 88' lang='lat' dir='ltr'>victor</span> <span class='ocrx_word' id='word_1_137' title='bbox 1222 1616 1403 1663; x_wconf 89' lang='lat' dir='ltr'>utraque</span> <span class='ocrx_word' id='word_1_138' title='bbox 1436 1610 1625 1651; x_wconf 87' lang='lat' dir='ltr'>remansi</span> 
     </span>
     <span class='ocr_line' id='line_1_30' title="bbox 484 1681 1551 1736; baseline -0.002 -12"><span class='ocrx_word' id='word_1_139' title='bbox 484 1684 612 1724; x_wconf 90' lang='lat' dir='ltr'>Parte</span> <span class='ocrx_word' id='word_1_140' title='bbox 646 1682 746 1736; x_wconf 86' lang='lat' dir='ltr'>poli,</span> <span class='ocrx_word' id='word_1_141' title='bbox 780 1681 938 1724; x_wconf 83' lang='lat' dir='ltr'>vindex</span> <span class='ocrx_word' id='word_1_142' title='bbox 971 1682 1130 1723; x_wconf 88' lang='lat' dir='ltr'>totiens</span> <span class='ocrx_word' id='word_1_143' title='bbox 1162 1682 1361 1724; x_wconf 90' lang='lat' dir='ltr'>immanis</span> <span class='ocrx_word' id='word_1_144' title='bbox 1393 1682 1551 1723; x_wconf 84' lang='lat' dir='ltr'>amo-ris</span> 
     </span>
     <span class='ocr_line' id='line_1_31' title="bbox 486 1752 1682 1808; baseline -0.001 -13"><span class='ocrx_word' id='word_1_145' title='bbox 486 1754 690 1807; x_wconf 83' lang='lat' dir='ltr'>Coniugis</span> <span class='ocrx_word' id='word_1_146' title='bbox 722 1754 940 1805; x_wconf 74' lang='lat' dir='ltr'>aetheree,</span> <span class='ocrx_word' id='word_1_147' title='bbox 975 1754 1142 1808; x_wconf 89' lang='lat' dir='ltr'>superis</span> <span class='ocrx_word' id='word_1_148' title='bbox 1174 1767 1259 1795; x_wconf 93' lang='lat' dir='ltr'>non</span> <span class='ocrx_word' id='word_1_149' title='bbox 1292 1753 1453 1807; x_wconf 88' lang='lat' dir='ltr'>hospes</span> <span class='ocrx_word' id='word_1_150' title='bbox 1485 1752 1682 1795; x_wconf 89' lang='lat' dir='ltr'>habebar</span> 
     </span>
     <span class='ocr_line' id='line_1_32' title="bbox 486 1824 1698 1878; baseline -0.002 -11"><span class='ocrx_word' id='word_1_151' title='bbox 486 1825 567 1876; x_wconf 79' lang='lat' dir='ltr'>Qui</span> <span class='ocrx_word' id='word_1_152' title='bbox 598 1825 699 1868; x_wconf 88' lang='lat' dir='ltr'>Iove</span> <span class='ocrx_word' id='word_1_153' title='bbox 732 1831 860 1866; x_wconf 88' lang='lat' dir='ltr'>natus</span> <span class='ocrx_word' id='word_1_154' title='bbox 893 1838 1023 1876; x_wconf 87' lang='lat' dir='ltr'>eram,</span> <span class='ocrx_word' id='word_1_155' title='bbox 1059 1824 1287 1877; x_wconf 87' lang='lat' dir='ltr'>divumque</span> <span class='ocrx_word' id='word_1_156' title='bbox 1311 1838 1336 1865; x_wconf 90' lang='lat' dir='ltr'>a</span> <span class='ocrx_word' id='word_1_157' title='bbox 1360 1824 1492 1878; x_wconf 86' lang='lat' dir='ltr'>stirpe</span> <span class='ocrx_word' id='word_1_158' title='bbox 1527 1829 1698 1866; x_wconf 90' lang='lat' dir='ltr'>creatus</span> 
     </span>
     <span class='ocr_line' id='line_1_33' title="bbox 486 1895 1693 1950; baseline -0.003 -11"><span class='ocrx_word' id='word_1_159' title='bbox 486 1898 538 1939; x_wconf 90' lang='lat' dir='ltr'>Et</span> <span class='ocrx_word' id='word_1_160' title='bbox 570 1897 745 1940; x_wconf 88' lang='lat' dir='ltr'>meritus</span> <span class='ocrx_word' id='word_1_161' title='bbox 778 1896 936 1938; x_wconf 87' lang='lat' dir='ltr'>nostris</span> <span class='ocrx_word' id='word_1_162' title='bbox 957 1896 1145 1937; x_wconf 91' lang='lat' dir='ltr'>humeris</span> <span class='ocrx_word' id='word_1_163' title='bbox 1179 1897 1271 1937; x_wconf 91' lang='lat' dir='ltr'>sine</span> <span class='ocrx_word' id='word_1_164' title='bbox 1295 1895 1487 1950; x_wconf 87' lang='lat' dir='ltr'>pondere</span> <span class='ocrx_word' id='word_1_165' title='bbox 1510 1907 1693 1948; x_wconf 85' lang='lat' dir='ltr'>magnus</span> 
     </span>
     <span class='ocr_line' id='line_1_34' title="bbox 486 1967 1620 2021; baseline -0.003 -11"><span class='ocrx_word' id='word_1_166' title='bbox 486 1969 610 2010; x_wconf 89' lang='lat' dir='ltr'>Hesit</span> <span class='ocrx_word' id='word_1_167' title='bbox 642 1969 764 2010; x_wconf 90' lang='lat' dir='ltr'>Atlas</span> <span class='ocrx_word' id='word_1_168' title='bbox 796 1967 1001 2021; x_wconf 87' lang='lat' dir='ltr'>potuique</span> <span class='ocrx_word' id='word_1_169' title='bbox 1034 1967 1174 2008; x_wconf 90' lang='lat' dir='ltr'>libens</span> <span class='ocrx_word' id='word_1_170' title='bbox 1207 1967 1401 2009; x_wconf 91' lang='lat' dir='ltr'>tenuisse</span> <span class='ocrx_word' id='word_1_171' title='bbox 1434 1967 1620 2008; x_wconf 89' lang='lat' dir='ltr'>labores.</span> 
     </span>
     <span class='ocr_line' id='line_1_35' title="bbox 489 2036 1730 2093; baseline -0.003 -12"><span class='ocrx_word' id='word_1_172' title='bbox 489 2040 754 2082; x_wconf 77' lang='lat' dir='ltr'>Sustinuisse</span> <span class='ocrx_word' id='word_1_173' title='bbox 776 2039 961 2093; x_wconf 89' lang='lat' dir='ltr'>quidem.</span> <span class='ocrx_word' id='word_1_174' title='bbox 998 2038 1110 2088; x_wconf 80' lang='lat' dir='ltr'>Quid</span> <span class='ocrx_word' id='word_1_175' title='bbox 1133 2053 1245 2081; x_wconf 90' lang='lat' dir='ltr'>nunc</span> <span class='ocrx_word' id='word_1_176' title='bbox 1269 2052 1365 2080; x_wconf 88' lang='lat' dir='ltr'>mea</span> <span class='ocrx_word' id='word_1_177' title='bbox 1387 2038 1548 2093; x_wconf 89' lang='lat' dir='ltr'>profuit</span> <span class='ocrx_word' id='word_1_178' title='bbox 1570 2036 1730 2078; x_wconf 90' lang='lat' dir='ltr'>ardens</span> 
     </span>
     <span class='ocr_line' id='line_1_36' title="bbox 488 2109 1639 2165; baseline -0.003 -12"><span class='ocrx_word' id='word_1_179' title='bbox 488 2111 629 2153; x_wconf 88' lang='lat' dir='ltr'>Virtus</span> <span class='ocrx_word' id='word_1_180' title='bbox 661 2110 890 2164; x_wconf 86' lang='lat' dir='ltr'>igniferum</span> <span class='ocrx_word' id='word_1_181' title='bbox 924 2124 971 2152; x_wconf 90' lang='lat' dir='ltr'>se</span> <span class='ocrx_word' id='word_1_182' title='bbox 1003 2110 1160 2151; x_wconf 90' lang='lat' dir='ltr'>tollens</span> <span class='ocrx_word' id='word_1_183' title='bbox 1195 2123 1366 2165; x_wconf 91' lang='lat' dir='ltr'>semper</span> <span class='ocrx_word' id='word_1_184' title='bbox 1399 2109 1639 2164; x_wconf 78' lang='lat' dir='ltr'>Olympum.</span> 
     </span>
     <span class='ocr_line' id='line_1_37' title="bbox 486 2180 1525 2235; baseline -0.001 -11"><span class='ocrx_word' id='word_1_185' title='bbox 486 2183 665 2225; x_wconf 85' lang='lat' dir='ltr'>Rettulit</span> <span class='ocrx_word' id='word_1_186' title='bbox 697 2183 884 2235; x_wconf 75' lang='lat' dir='ltr'>Alcides,</span> <span class='ocrx_word' id='word_1_187' title='bbox 919 2189 961 2223; x_wconf 92' lang='lat' dir='ltr'>et</span> <span class='ocrx_word' id='word_1_188' title='bbox 993 2182 1117 2224; x_wconf 88' lang='lat' dir='ltr'>vanis</span> <span class='ocrx_word' id='word_1_189' title='bbox 1150 2181 1320 2223; x_wconf 88' lang='lat' dir='ltr'>miscuit</span> <span class='ocrx_word' id='word_1_190' title='bbox 1352 2180 1525 2223; x_wconf 86' lang='lat' dir='ltr'>umbris.</span> 
     </span>
    </p>

    <p class='ocr_par' dir='ltr' id='par_1_15' title="bbox 488 2250 1716 2452">
     <span class='ocr_line' id='line_1_38' title="bbox 488 2250 1515 2307; baseline -0.003 -11"><span class='ocrx_word' id='word_1_191' title='bbox 488 2255 567 2296; x_wconf 89' lang='lat' dir='ltr'>Illa</span> <span class='ocrx_word' id='word_1_192' title='bbox 600 2261 791 2296; x_wconf 87' lang='lat' dir='ltr'>oratores</span> <span class='ocrx_word' id='word_1_193' title='bbox 824 2255 1029 2295; x_wconf 90' lang='lat' dir='ltr'>mirantur</span> <span class='ocrx_word' id='word_1_194' title='bbox 1062 2266 1238 2295; x_wconf 90' lang='lat' dir='ltr'>cernere</span> <span class='ocrx_word' id='word_1_195' title='bbox 1270 2259 1432 2294; x_wconf 84' lang='lat' dir='ltr'>mostra</span> <span class='ocrx_word' id='word_1_196' title='bbox 1459 2250 1515 2307; x_wconf 88' lang='lat'>(!).</span> 
     </span>
     <span class='ocr_line' id='line_1_39' title="bbox 489 2322 1716 2378; baseline -0.004 -10"><span class='ocrx_word' id='word_1_197' title='bbox 489 2325 772 2368; x_wconf 86' lang='lat' dir='ltr'>Descendunt</span> <span class='ocrx_word' id='word_1_198' title='bbox 795 2326 950 2368; x_wconf 89' lang='lat' dir='ltr'>vallem</span> <span class='ocrx_word' id='word_1_199' title='bbox 972 2325 1015 2366; x_wconf 91' lang='lat' dir='ltr'>in</span> <span class='ocrx_word' id='word_1_200' title='bbox 1036 2324 1234 2377; x_wconf 90' lang='lat' dir='ltr'>mediam,</span> <span class='ocrx_word' id='word_1_201' title='bbox 1265 2324 1404 2378; x_wconf 91' lang='lat' dir='ltr'>rapidi</span> <span class='ocrx_word' id='word_1_202' title='bbox 1427 2336 1595 2377; x_wconf 88' lang='lat' dir='ltr'>quoque</span> <span class='ocrx_word' id='word_1_203' title='bbox 1615 2322 1716 2365; x_wconf 91' lang='lat' dir='ltr'>circi</span> 
     </span>
     <span class='ocr_line' id='line_1_40' title="bbox 488 2395 1513 2452; baseline -0.004 -13"><span class='ocrx_word' id='word_1_204' title='bbox 488 2398 631 2439; x_wconf 90' lang='lat' dir='ltr'>Prelia</span> <span class='ocrx_word' id='word_1_205' title='bbox 664 2397 934 2452; x_wconf 85' lang='lat' dir='ltr'>conspiciunt</span> <span class='ocrx_word' id='word_1_206' title='bbox 967 2397 1066 2438; x_wconf 89' lang='lat' dir='ltr'>olim</span> <span class='ocrx_word' id='word_1_207' title='bbox 1099 2395 1345 2449; x_wconf 82' lang='lat' dir='ltr'>gratissima</span> <span class='ocrx_word' id='word_1_208' title='bbox 1379 2395 1513 2437; x_wconf 86' lang='lat' dir='ltr'>calvo.</span> 
     </span>
    </p>

    <p class='ocr_par' dir='ltr' id='par_1_16' title="bbox 489 2467 1697 2877">
     <span class='ocr_line' id='line_1_41' title="bbox 489 2467 1608 2521; baseline -0.004 -10"><span class='ocrx_word' id='word_1_209' title='bbox 489 2470 598 2511; x_wconf 87' lang='lat' dir='ltr'>Hinc</span> <span class='ocrx_word' id='word_1_210' title='bbox 631 2469 687 2511; x_wconf 92' lang='lat' dir='ltr'>ad</span> <span class='ocrx_word' id='word_1_211' title='bbox 719 2469 977 2511; x_wconf 87' lang='lat' dir='ltr'>Aventinum</span> <span class='ocrx_word' id='word_1_212' title='bbox 1009 2467 1206 2521; x_wconf 87' lang='lat' dir='ltr'>migravit</span> <span class='ocrx_word' id='word_1_213' title='bbox 1239 2467 1421 2508; x_wconf 88' lang='lat' dir='ltr'>Romula</span> <span class='ocrx_word' id='word_1_214' title='bbox 1455 2467 1608 2508; x_wconf 90' lang='lat' dir='ltr'>collem</span> 
     </span>
     <span class='ocr_line' id='line_1_42' title="bbox 490 2538 1612 2594; baseline -0.004 -12"><span class='ocrx_word' id='word_1_215' title='bbox 490 2541 668 2594; x_wconf 79' lang='lat' dir='ltr'>Legatis</span> <span class='ocrx_word' id='word_1_216' title='bbox 701 2540 892 2581; x_wconf 80' lang='lat' dir='ltr'>admixta</span> <span class='ocrx_word' id='word_1_217' title='bbox 924 2539 1058 2581; x_wconf 88' lang='lat' dir='ltr'>sacris</span> <span class='ocrx_word' id='word_1_218' title='bbox 1092 2538 1248 2579; x_wconf 91' lang='lat' dir='ltr'>dehinc</span> <span class='ocrx_word' id='word_1_219' title='bbox 1281 2538 1423 2579; x_wconf 85' lang='lat' dir='ltr'>omnia</span> <span class='ocrx_word' id='word_1_220' title='bbox 1455 2538 1612 2579; x_wconf 86' lang='lat' dir='ltr'>circum</span> 
     </span>
     <span class='ocr_line' id='line_1_43' title="bbox 490 2608 1697 2664; baseline -0.003 -12"><span class='ocrx_word' id='word_1_221' title='bbox 490 2611 789 2654; x_wconf 84' lang='lat' dir='ltr'>Fundamenta</span> <span class='ocrx_word' id='word_1_222' title='bbox 820 2611 937 2653; x_wconf 89' lang='lat' dir='ltr'>urbis</span> <span class='ocrx_word' id='word_1_223' title='bbox 961 2616 1144 2664; x_wconf 88' lang='lat' dir='ltr'>querunt</span> <span class='ocrx_word' id='word_1_224' title='bbox 1166 2615 1527 2662; x_wconf 89' lang='lat' dir='ltr'>monumentaque</span> <span class='ocrx_word' id='word_1_225' title='bbox 1548 2608 1697 2662; x_wconf 89' lang='lat' dir='ltr'>prima.</span> 
     </span>
     <span class='ocr_line' id='line_1_44' title="bbox 490 2679 1662 2737; baseline -0.003 -13"><span class='ocrx_word' id='word_1_226' title='bbox 490 2684 599 2726; x_wconf 92' lang='lat' dir='ltr'>Dum</span> <span class='ocrx_word' id='word_1_227' title='bbox 633 2683 815 2725; x_wconf 87' lang='lat' dir='ltr'>Veneris</span> <span class='ocrx_word' id='word_1_228' title='bbox 849 2688 1048 2737; x_wconf 86' lang='lat' dir='ltr'>spectant</span> <span class='ocrx_word' id='word_1_229' title='bbox 1080 2681 1240 2731; x_wconf 87' lang='lat' dir='ltr'>fanum,</span> <span class='ocrx_word' id='word_1_230' title='bbox 1274 2694 1432 2721; x_wconf 87' lang='lat' dir='ltr'>venere</span> <span class='ocrx_word' id='word_1_231' title='bbox 1467 2679 1662 2728; x_wconf 71' lang='lat' dir='ltr'>columbe</span> 
     </span>
     <span class='ocr_line' id='line_1_45' title="bbox 491 2753 1490 2809; baseline -0.004 -13"><span class='ocrx_word' id='word_1_232' title='bbox 491 2756 526 2796; x_wconf 89' lang='lat' dir='ltr'>E</span> <span class='ocrx_word' id='word_1_233' title='bbox 560 2755 652 2797; x_wconf 92' lang='lat' dir='ltr'>celo</span> <span class='ocrx_word' id='word_1_234' title='bbox 686 2768 815 2809; x_wconf 84' lang='lat' dir='ltr'>super</span> <span class='ocrx_word' id='word_1_235' title='bbox 847 2767 921 2795; x_wconf 89' lang='lat' dir='ltr'>ora</span> <span class='ocrx_word' id='word_1_236' title='bbox 953 2754 1043 2804; x_wconf 89' lang='lat' dir='ltr'>viri,</span> <span class='ocrx_word' id='word_1_237' title='bbox 1076 2766 1261 2806; x_wconf 89' lang='lat' dir='ltr'>posuere</span> <span class='ocrx_word' id='word_1_238' title='bbox 1294 2753 1490 2794; x_wconf 88' lang='lat' dir='ltr'>volantes</span> 
     </span>
     <span class='ocr_line' id='line_1_46' title="bbox 492 2824 1468 2877; baseline -0.005 -9"><span class='ocrx_word' id='word_1_239' title='bbox 492 2826 781 2868; x_wconf 89' lang='lat' dir='ltr'>Procumbunt</span> <span class='ocrx_word' id='word_1_240' title='bbox 812 2826 910 2867; x_wconf 87' lang='lat' dir='ltr'>letis</span> <span class='ocrx_word' id='word_1_241' title='bbox 944 2825 1039 2875; x_wconf 89' lang='lat' dir='ltr'>alis,</span> <span class='ocrx_word' id='word_1_242' title='bbox 1073 2824 1289 2877; x_wconf 92' lang='lat' dir='ltr'>nimioque</span> <span class='ocrx_word' id='word_1_243' title='bbox 1321 2824 1468 2865; x_wconf 87' lang='lat' dir='ltr'>volatu</span> 
     </span>
    </p>

    <p class='ocr_par' dir='ltr' id='par_1_17' title="bbox 493 2892 1677 2950">
     <span class='ocr_line' id='line_1_47' title="bbox 493 2892 1677 2950; baseline -0.004 -12"><span class='ocrx_word' id='word_1_244' title='bbox 493 2898 615 2940; x_wconf 90' lang='lat' dir='ltr'>Nunc</span> <span class='ocrx_word' id='word_1_245' title='bbox 646 2902 830 2950; x_wconf 84' lang='lat' dir='ltr'>tangunt</span> <span class='ocrx_word' id='word_1_246' title='bbox 863 2909 975 2948; x_wconf 86' lang='lat' dir='ltr'>aras,</span> <span class='ocrx_word' id='word_1_247' title='bbox 1008 2895 1191 2938; x_wconf 88' lang='lat' dir='ltr'>redeunt</span> <span class='ocrx_word' id='word_1_248' title='bbox 1223 2908 1337 2937; x_wconf 91' lang='lat' dir='ltr'>nunc</span> <span class='ocrx_word' id='word_1_249' title='bbox 1368 2895 1430 2935; x_wconf 89' lang='lat' dir='ltr'>ire</span> <span class='ocrx_word' id='word_1_250' title='bbox 1463 2892 1677 2936; x_wconf 86' lang='lat' dir='ltr'>videntur.</span> 
     </span>
    </p>
   </div>
  </div>
 </body>
</html>
