1955 3278
1482 120 1547 153 185

59 335 129 377 fol.
166 335 259 378 14a.
292 334 516 377 Nobilibus
549 338 586 375 et
618 332 865 388 Metonificis
896 334 1098 376 Dominis
1133 335 1283 377 Alexio
1317 340 1354 378 et
1386 336 1546 379 Ioanni

66 405 366 448 Thmsombus
410 404 664 447 Valentinus
707 404 893 446 Eeehz‘us
936 420 1029 447 enm
1074 406 1143 448 sui
1188 407 1546 450 commendatione

630 477 808 518 salntem
843 481 970 529 optat.

178 620 404 672 Plaerique
451 631 599 660 omnes
633 619 704 671 qui
735 618 891 660 isthinc
926 619 981 661 ad
1014 633 1092 661 nos
1127 619 1380 674 demigrant,
1427 622 1544 663 nobi-

58 691 209 732 lissimi
232 691 493 740 Thursones,
519 689 680 731 referre
703 690 856 742 solent,
892 704 1018 743 quam
1045 705 1129 733 non
1152 693 1379 745 tranquillo
1404 693 1545 734 animo

59 762 326 803 immaturam
358 761 503 802 fratris
538 761 668 802 vestri
712 761 1087 803 Reverendissimo
1120 763 1164 803 in
1197 762 1367 804 Christo
1412 764 1545 818 patris

58 846 108 874 30
142 832 299 874 domini
332 832 491 874 domini
522 832 695 873 Ioannis
728 832 1092 874 Wratislaviensis
1131 834 1335 888 Episcopi
1368 842 1545 875 mortem

56 904 218 945 feratis.
270 903 390 945 Adeo
425 910 469 944 ut
514 903 825 956 quodammodo
871 910 1041 945 vestrae
1087 904 1206 946 obliti
1249 904 1469 958 dignitatis
1502 905 1544 946 in

56 988 269 1028 perennes
319 975 459 1016 luctus
512 974 708 1015 feramini
759 974 1030 1028 praecipites.
1090 974 1215 1024 Quod
1263 989 1389 1028 quum
1444 976 1545 1017 mihi

56 1046 334 1096 constitisset,
381 1045 462 1086 etsi
495 1052 661 1087 vestras
706 1045 1058 1099 magnificencias
1102 1060 1179 1100 per
1221 1060 1266 1088 se
1309 1047 1544 1101 prudentes

56 1117 161 1158 satis
194 1117 480 1170 cognoverim,
514 1122 658 1157 tamen
688 1130 755 1157 me
792 1117 1011 1158 continere
1047 1131 1131 1158 non
1164 1119 1294 1172 potui,
1330 1118 1431 1171 quin
1465 1119 1544 1160 hoc

57 1188 253 1242 epistolio
282 1193 450 1229 vestras
484 1187 763 1229 excellentias
788 1201 813 1228 a
835 1194 954 1229 131110
986 1189 1103 1230 1110111
1127 1202 1386 1231 sevocarem.
1420 1189 1544 1239 Quod

54 1273 122 1301 me
162 1259 291 1300 facile
335 1259 585 1300 effecturum
631 1272 770 1313 spero,
819 1259 931 1311 quod
976 1260 1180 1312 noverim,
1226 1273 1311 1301 non
1344 1261 1544 1302 virtutum

53 1337 127 1372 aut
159 1330 485 1372 resurrectionis
519 1330 612 1384 spei
645 1330 790 1384 inopia
818 1331 966 1384 lugere
994 1344 1084 1381 vos,
1120 1331 1197 1372 sed
1226 1331 1404 1373 fraterni
1433 1332 1545 1373 desi-

53 1401 160 1443 derii
199 1402 356 1443 affectu
394 1401 592 1443 credulas
632 1408 797 1442 mentes
832 1402 893 1442 sic
933 1415 1030 1443 esse
1074 1402 1234 1444 fractas
1275 1408 1403 1455 atque
1446 1416 1545 1444 con-

53 1479 282 1524 sternatas,
332 1479 376 1514 ut
423 1473 539 1527 prius
588 1472 779 1513 dolorum
827 1473 1021 1514 oblivisci
1065 1487 1149 1514 11011
1201 1474 1366 1527 possint
1418 1488 1544 1526 quam

55 1543 261 1598 pristinae
315 1543 627 1585 admoneantur
673 1543 853 1585 virtutis.
919 1543 1039 1593 Quae
1089 1544 1284 1597 equidem
1333 1545 1374 1586 in
1422 1545 1545 1587 vobis

53 1620 175 1656 tanta
222 1621 301 1666 est,
350 1615 514 1667 fuitque
566 1628 755 1668 semper,
806 1621 850 1655 ut
899 1615 1026 1656 etiam
1075 1616 1269 1668 quamvis
1318 1616 1543 1658 adversam

54 1685 266 1727 fortunam
312 1686 417 1727 mira
461 1686 704 1727 constantia
750 1687 1059 1728 consueveritis
1103 1687 1254 1728 ridere.
1299 1689 1438 1740 Atque
1471 1688 1543 1729 ille

52 1756 194 1798 fratris
238 1757 370 1798 vestri
412 1757 553 1799 obitus
599 1770 725 1810 quam
770 1770 855 1798 non
895 1757 1023 1799 fuerit
1067 1758 1151 1800 ullo
1197 1758 1426 1800 infortunio
1471 1758 1542 1800 ob-

52 1828 218 1879 noxius,
265 1828 395 1869 etiam
428 1829 495 1870 cui
527 1842 676 1882 parum
709 1829 873 1870 cerebri
906 1835 985 1879 081,
1019 1829 1087 1870 vel
1121 1843 1173 1870 ex
1213 1843 1263 1871 eo
1302 1830 1543 1884 intelligere

52 1905 210 1953 potest,
258 1899 370 1952 quod
402 1900 473 1940 ille
506 1899 805 1954 Amplissimus
848 1900 1043 1951 antistes,
1084 1901 1299 1942 aerumnis
1332 1901 1541 1951 omnibus,

55 1983 162 2023 quas
196 1971 379 2024 patimur
411 1971 625 2022 mortales,
661 1979 794 2013 morte
828 1985 907 2013 sua
926 1985 1039 2013 nunc
1062 1971 1238 2013 tandem
1268 1973 1541 2023 renunciarit,

54 2055 181 2094 quum
213 2055 326 2083 mors
359 2042 542 2083 omnium
576 2043 780 2084 malorum
811 2042 907 2084 finis
940 2056 1038 2085 esse
1071 2043 1361 2097 perhibeatur.
1401 2044 1543 2085 Enim-

52 2125 153 2154 vero
186 2113 303 2154 nulla
346 2113 430 2154 iam
462 2126 637 2167 prorsus
669 2113 853 2165 fortuna,
887 2114 1053 2168 imperii
1086 2115 1311 2167 quicquam
1343 2116 1385 2156 in
1426 2116 1543 2156 illum

51 2183 202 2234 habet,
252 2184 420 2237 quietus
469 2190 554 2237 est,
606 2198 656 2226 ac
705 2186 770 2226 sui
818 2192 978 2237 certus,
1028 2186 1132 2227 nulli
1177 2186 1392 2240 languori,
1440 2187 1543 2227 nulli

53 2255 212 2307 morbo,
259 2255 386 2296 nullis
420 2254 604 2309 denique
637 2269 691 2297 ne
724 2256 908 2297 minimis
943 2256 1113 2309 quidem
1151 2257 1275 2298 malis
1309 2257 1541 2308 subiectus,

52 2324 222 2366 dolores
266 2326 418 2377 nescit,
463 2327 684 2368 molestias
730 2327 889 2381 pariter
925 2328 1093 2380 ignorat
1127 2341 1287 2370 omnes.
1343 2328 1543 2377 Quando-

52 2395 223 2449 quidem
256 2397 429 2438 miseria
452 2403 532 2449 est,
567 2397 675 2439 haec
708 2398 796 2439 vita
829 2398 934 2448 sola,
969 2411 1096 2450 quam
1130 2399 1200 2451 qui
1232 2399 1384 2452 linquit
1416 2400 1544 2441 miser

53 2480 150 2509 esse
195 2467 375 2510 desistit.
426 2468 509 2509 Cur
539 2469 668 2522 igitur
711 2469 892 2523 piissimi
935 2468 1090 2510 fratres
1135 2469 1255 2511 fratri
1298 2470 1410 2512 hunc
1455 2477 1542 2512 tam

52 2537 249 2580 foelicem
305 2545 462 2580 statum
506 2539 746 2581 invidetis?
789 2541 832 2581 in
878 2553 1001 2593 quem
1048 2541 1083 2582 si
1116 2546 1158 2582 01
1191 2554 1266 2583 vos
1302 2541 1541 2595 demigrare

54 2609 334 2663 contingeret,
380 2624 464 2652 non
508 2610 669 2662 dubito,
716 2611 816 2664 quin
849 2611 953 2652 nihil
991 2612 1130 2652 minus
1175 2613 1382 2666 optaretis
1415 2626 1542 2665 quam

52 2679 96 2720 in
128 2680 239 2722 hanc
272 2680 470 2722 hostilem
502 2682 694 2723 revocari
730 2682 871 2734 vitam,
916 2682 958 2723 in
993 2696 1077 2735 qua
1108 2696 1192 2724 non
1225 2683 1420 2736 vivimus,
1464 2684 1543 2725 sed

54 2751 317 2793 semimortui
360 2753 694 2806 peregrinamur,
739 2753 822 2794 imo
860 2754 971 2795 inter
1014 2759 1077 2795 tot
1117 2767 1168 2796 ac
1200 2760 1343 2795 tantas
1383 2754 1543 2796 diaboli

54 2821 414 2875 impugnationes,
460 2830 521 2865 tot
566 2824 755 2877 corporis
788 2837 839 2865 ac
871 2824 1040 2865 animae
1085 2824 1200 2866 bella
1244 2825 1401 2879 iugiter
1432 2826 1540 2880 peri-

56 2892 267 2944 clitamur,
316 2900 360 2934 ut
408 2894 557 2936 merito
606 2895 841 2936 Electionis
888 2908 964 2936 vos
1012 2895 1172 2937 Paulus
1221 2896 1542 2938 exclamaverit.
