1898 3278
1558 171 1600 203 11

121 329 202 369 que
237 315 508 368 elegantiam,
543 327 668 365 quam
702 313 854 354 imitari
887 312 1059 354 student
1083 327 1230 355 omnes
1253 318 1406 366 gentes
1429 318 1600 354 nostrae

121 386 276 428 aetatis
309 385 523 434 cultiores,
558 384 659 435 quin
693 390 735 424 et
767 384 849 437 ipsi
882 397 1049 436 quoque
1082 384 1324 435 Pannones,
1358 384 1468 424 inter
1496 396 1601 436 quos

121 457 343 498 memorari
374 461 559 496 meretur
592 454 767 495 Gabriel
800 455 871 495 ille
905 454 1119 507 Ungarus,
1153 455 1224 506 qui
1257 454 1601 507 elegantissimas

122 540 313 580 quasque
347 526 586 567 cantilenas
624 538 855 577 versusque
887 525 1034 566 nativa
1068 538 1145 566 sua
1177 525 1324 578 lingua
1350 525 1392 565 in
1417 524 1601 566 delecta-

120 612 216 639 men
249 597 486 639 concivium
520 609 689 637 suorum
722 595 832 637 adeo
856 596 1041 637 feliciter
1063 596 1347 646 concinnavit,
1372 602 1415 636 ut
1438 596 1487 637 iis
1509 596 1601 649 ipse

120 681 288 721 quoque
321 667 620 709 serenissimus
652 667 705 708 D.
740 666 790 707 D.
824 666 1026 707 Matthias
1059 667 1310 707 Pannonum
1342 667 1433 707 Rex
1466 666 1600 707 erudi-

118 739 307 781 tissimus
353 744 488 779 semet
522 737 695 791 saepius
739 738 849 778 inter
881 738 975 779 ocia
1006 750 1228 778 recreasse
1262 737 1436 778 feratur.
1482 737 1601 777 Idem

118 811 179 851 uti
222 810 323 850 mihi
357 823 409 850 ex
441 822 494 850 ea
537 809 712 862 regione
760 822 835 862 per
881 808 1120 849 confratres
1159 821 1276 849 meos
1309 809 1489 849 relatum
1523 814 1601 856 est„

118 881 263 922 nititur
282 894 394 921 nunc
415 880 683 921 invictissimi
707 879 808 921 dicti
830 879 1001 921 Domini
1021 880 1152 932 Regis
1183 879 1248 920 sui
1270 879 1447 920 virtutes
1468 879 1602 920 bella-

119 965 200 1004 que
235 965 310 993 3110
345 958 386 992 01
419 951 520 992 latio
555 964 752 992 sermone
777 950 1049 991 decantando
1072 951 1320 991 memoriam
1343 950 1450 990 tanti
1472 950 1603 1002 Regis

118 1035 333 1075 nunquam
367 1022 637 1063 emorituram
670 1022 824 1063 futuris
857 1022 1166 1063 transscribere
1201 1021 1371 1063 seculis.

176 1160 348 1196 Joanni
373 1160 556 1196 Vitezio
583 1159 922 1207 Vesprimiensi
950 1171 1004 1196 ac
1029 1159 1282 1196 Viennensi
1309 1159 1547 1205 Episcopo.

704 1222 814 1265 (Hier.
842 1222 991 1263 Balbus)
1011 1221 1018 1239 ¹

260 1295 341 1344 Qui
375 1295 509 1336 cecini
542 1295 700 1349 placidi
732 1309 808 1349 per
834 1308 1015 1336 amoena
1047 1294 1185 1336 vireta
1219 1293 1416 1347 Symechi

314 1366 436 1407 Nune
468 1372 568 1420 peto
601 1365 828 1419 Vesprimii
859 1379 957 1406 rura
988 1365 1117 1406 beata
1150 1365 1243 1406 soli.

258 1436 336 1477 Hic
369 1442 413 1477 tu
447 1436 546 1478 dum
578 1437 738 1477 tetricis
772 1437 940 1477 laxabis
973 1443 1147 1490 pectora
1181 1436 1292 1477 curis

316 1507 579 1560 Ingenioque
612 1520 739 1560 reges
774 1513 945 1561 sceptra
978 1507 1140 1548 minora
1172 1513 1259 1558 tuo⁷

258 1578 356 1632 Ipse
389 1579 508 1619 leves
545 1578 693 1631 elegos
726 1577 848 1619 viridi
880 1591 968 1619 rem
1002 1578 1126 1631 pinus
1159 1577 1201 1617 in
1234 1576 1384 1618 umbra

318 1636 512 1690 Cantabo
546 1656 587 1689 et
620 1650 739 1690 lusus
773 1648 931 1689 blande
966 1648 1130 1701 Cupido
1163 1654 1272 1689 tuos.

259 1721 364 1761 Esto
397 1721 545 1774 procul
576 1720 681 1761 fulvi
714 1720 749 1761 si
783 1721 849 1761 cui
883 1720 976 1761 sitis
1008 1719 1190 1773 imperat
1224 1719 1328 1769 auri,

320 1792 374 1832 Et
406 1792 550 1844 gravis
582 1792 827 1832 innumeras
861 1804 962 1832 arca
994 1790 1185 1843 flagellat
1218 1803 1336 1843 opes.

259 1863 459 1903 Hortulus
493 1863 752 1916 angustique
785 1862 898 1903 lares
931 1861 1156 1913 tenuisque
1192 1861 1387 1914 supellex

318 1933 615 1987 Exiguumque
649 1946 782 1987 pecus
816 1933 1001 1973 maxima
1033 1945 1142 1985 gaza
1174 1931 1277 1972 mihi
1310 1938 1388 1973 est.

257 2004 324 2045 Me
357 2017 454 2045 mea
487 2004 608 2044 Musa
641 2004 742 2045 beat
777 2004 909 2044 sacris
942 2003 1053 2044 bene
1088 2009 1189 2043 11010
1222 2002 1463 2050 (3011100013,

244 2123 245 2126 ¹
317 2074 437 2124 Quae
471 2075 587 2128 cupit
621 2075 664 2115 in
697 2074 848 2115 laudes
880 2074 941 2115 ire
976 2074 1136 2115 diserta
1168 2081 1278 2115 tuas.

258 2146 384 2187 Forte
417 2146 568 2199 legens
602 2146 759 2186 nostris
792 2145 983 2186 mananti
1016 2159 1041 2185 a
1074 2145 1262 2186 carmina
1294 2145 1395 2186 rivis

318 2217 474 2258 Dices:
510 2217 613 2257 Post
644 2216 801 2258 Janum
833 2216 978 2270 palma
1011 2215 1202 2257 secunda
1236 2215 1312 2256 tibi
1346 2223 1422 2257 est.

507 2366 732 2403 Miehaeli
759 2365 939 2402 Vitezio
960 2369 971 2387 ²
999 2370 1095 2413 (pag.
1125 2369 1217 2402 197».

257 2452 448 2494 Blandus
484 2454 610 2495 Amor
641 2453 793 2494 faciles
826 2453 949 2494 nobis
982 2453 1065 2494 iam
1101 2453 1293 2506 suggerit
1326 2454 1432 2499 alas,

315 2524 411 2566 Jam
445 2524 589 2565 mitem
622 2525 831 2566 ambobus
866 2537 911 2565 se
948 2524 1065 2565 dedit
1099 2524 1212 2564 alma
1246 2523 1402 2565 Venus.

237 2650 247 2670 ¹
274 2652 371 2686 Ezen
399 2650 622 2696 ko'ltemeny‚
649 2652 822 2686 valamint
848 2662 868 2685 a
894 2652 1102 2686 ko'vetkezo'
1129 2655 1178 2691 o't,
1206 2651 1447 2695 Hieronymus
1468 2651 1602 2685 Balbus

118 2710 442 2755 epigrammjainak
470 2711 631 2744 1494-iki
657 2709 759 2745 becsi
786 2710 1002 2745 kiadasabol
1022 2721 1092 2744 van
1109 2709 1211 2751 veve,
1239 2722 1272 2754 p.
1296 2711 1374 2744 195.
1419 2710 1431 2729 ²
1459 2711 1601 2755 Ugyan-

118 2779 209 2803 azon
236 2768 550 2814 gyiijtemenybo'l.
594 2769 626 2803 A
654 2768 876 2804 Ketzer-fele
915 2769 1044 2804 kiadas
1080 2769 1201 2803 IIS-ik
1227 2769 1352 2814 lapjan
1379 2769 1408 2803 13
1435 2780 1504 2803 van
1532 2781 1602 2814 ‹fgy

122 2828 307 2870 „Michaeli
340 2828 503 2862 Vitezio“
546 2829 589 2862 irt
622 2828 768 2870 hosszu,
808 2829 852 2863 dc
892 2829 1079 2863 kiil'o'nben
1119 2827 1341 2867 erdektelen,
1382 2828 1601 2872 ko'lteineny,

117 2897 151 2930 p.
179 2887 258 2921 203.
277 2887 390 2931 pedig
409 2898 481 2932 egy
512 2887 723 2927 „Valentino
742 2888 860 2922 Kraus
878 2888 1040 2922 medico“
1071 2888 1178 2921 irott:
1205 2899 1238 2931 p.
1259 2888 1338 2921 206.
1363 2887 1439 2926 ,‚Jo.
1462 2887 1602 2921 Vitezio

118 2945 378 2989 Vesprimiensi
406 2956 447 2980 ac
472 2946 671 2981 Viennensi
697 2947 917 2990 Episcopo&
