<?xml version="1.0" encoding="UTF-8"?>
<!DOCTYPE html PUBLIC "-//W3C//DTD XHTML 1.0 Transitional//EN"
    "http://www.w3.org/TR/xhtml1/DTD/xhtml1-transitional.dtd">
<html xmlns="http://www.w3.org/1999/xhtml" xml:lang="en" lang="en">
 <head>
  <title>
</title>
<meta http-equiv="Content-Type" content="text/html;charset=utf-8" />
  <meta name='ocr-system' content='tesseract 3.04.00' />
  <meta name='ocr-capabilities' content='ocr_page ocr_carea ocr_par ocr_line ocrx_word'/>
</head>
<body>
  <div class='ocr_page' id='page_1' title='image "analectanovaadhi00beuoft_0423.png"; bbox 0 0 1919 3273; ppageno 0'>
   <div class='ocr_carea' id='block_1_1' title="bbox 1499 114 1566 148">
    <p class='ocr_par' dir='ltr' id='par_1_1' title="bbox 1499 114 1566 148">
     <span class='ocr_line' id='line_1_1' title="bbox 1499 114 1566 148; baseline 0 0"><span class='ocrx_word' id='word_1_1' title='bbox 1499 114 1566 148; x_wconf 88' lang='grc'>381</span> 
     </span>
    </p>
   </div>
   <div class='ocr_carea' id='block_1_2' title="bbox 156 256 1362 524">
    <p class='ocr_par' dir='ltr' id='par_1_2' title="bbox 156 256 1362 524">
     <span class='ocr_line' id='line_1_2' title="bbox 234 256 1263 311; baseline 0.001 -13"><span class='ocrx_word' id='word_1_2' title='bbox 234 257 326 299; x_wconf 84' lang='grc' dir='ltr'>Νο0</span> <span class='ocrx_word' id='word_1_3' title='bbox 358 256 520 298; x_wconf 89' lang='lat' dir='ltr'>maiora</span> <span class='ocrx_word' id='word_1_4' title='bbox 551 262 653 311; x_wconf 90' lang='lat' dir='ltr'>puto</span> <span class='ocrx_word' id='word_1_5' title='bbox 687 261 936 310; x_wconf 82' lang='lat' dir='ltr'>spectarunt</span> <span class='ocrx_word' id='word_1_6' title='bbox 969 269 1043 297; x_wconf 89' lang='lat' dir='ltr'>ora</span> <span class='ocrx_word' id='word_1_7' title='bbox 1076 256 1263 307; x_wconf 81' lang='lat' dir='ltr'><strong>Quirites</strong></span> 
     </span>
     <span class='ocr_line' id='line_1_3' title="bbox 291 327 1351 381; baseline 0 -12"><span class='ocrx_word' id='word_1_8' title='bbox 291 327 513 380; x_wconf 85' lang='lat' dir='ltr'>Nusquam</span> <span class='ocrx_word' id='word_1_9' title='bbox 544 327 684 369; x_wconf 87' lang='lat' dir='ltr'>fronte</span> <span class='ocrx_word' id='word_1_10' title='bbox 718 340 870 381; x_wconf 80' lang='lat' dir='ltr'>precor</span> <span class='ocrx_word' id='word_1_11' title='bbox 900 341 1036 381; x_wconf 89' lang='lat' dir='ltr'>regna</span> <span class='ocrx_word' id='word_1_12' title='bbox 1067 333 1186 369; x_wconf 89' lang='lat' dir='ltr'>tuere</span> <span class='ocrx_word' id='word_1_13' title='bbox 1219 328 1351 381; x_wconf 87' lang='lat' dir='ltr'>gravi.</span> 
     </span>
     <span class='ocr_line' id='line_1_4' title="bbox 156 397 1327 448; baseline 0 -8"><span class='ocrx_word' id='word_1_14' title='bbox 156 409 177 441; x_wconf 97' lang='lat'>5</span> <span class='ocrx_word' id='word_1_15' title='bbox 234 398 299 439; x_wconf 88' lang='lat' dir='ltr'>Tu</span> <span class='ocrx_word' id='word_1_16' title='bbox 330 397 475 439; x_wconf 88' lang='lat' dir='ltr'>Venus</span> <span class='ocrx_word' id='word_1_17' title='bbox 510 411 556 439; x_wconf 92' lang='lat' dir='ltr'>es</span> <span class='ocrx_word' id='word_1_18' title='bbox 589 398 735 439; x_wconf 88' lang='lat' dir='ltr'>Pallas</span> <span class='ocrx_word' id='word_1_19' title='bbox 767 397 988 438; x_wconf 89' lang='lat' dir='ltr'>mirabitur</span> <span class='ocrx_word' id='word_1_20' title='bbox 1019 412 1094 439; x_wconf 89' lang='lat' dir='ltr'>ora</span> <span class='ocrx_word' id='word_1_21' title='bbox 1127 398 1327 448; x_wconf 82' lang='lat' dir='ltr'>Quirinus</span> 
     </span>
     <span class='ocr_line' id='line_1_5' title="bbox 294 469 1362 524; baseline 0.002 -14"><span class='ocrx_word' id='word_1_22' title='bbox 294 469 431 510; x_wconf 91' lang='lat' dir='ltr'>Crede</span> <span class='ocrx_word' id='word_1_23' title='bbox 463 469 566 510; x_wconf 89' lang='lat' dir='ltr'>mihi</span> <span class='ocrx_word' id='word_1_24' title='bbox 597 469 771 510; x_wconf 91' lang='lat' dir='ltr'>nimium</span> <span class='ocrx_word' id='word_1_25' title='bbox 804 482 900 510; x_wconf 90' lang='lat' dir='ltr'>cum</span> <span class='ocrx_word' id='word_1_26' title='bbox 930 469 1031 511; x_wconf 88' lang='lat' dir='ltr'>Iove</span> <span class='ocrx_word' id='word_1_27' title='bbox 1064 483 1245 524; x_wconf 89' lang='lat' dir='ltr'>magnus</span> <span class='ocrx_word' id='word_1_28' title='bbox 1280 470 1362 512; x_wconf 89' lang='lat' dir='ltr'>eris</span> 
     </span>
    </p>
   </div>
   <div class='ocr_carea' id='block_1_3' title="bbox 759 587 898 590">
    <p class='ocr_par' dir='ltr' id='par_1_3' title="bbox 759 587 898 590">
     <span class='ocr_line' id='line_1_6' title="bbox 759 587 898 590; baseline 0 0"><span class='ocrx_word' id='word_1_29' title='bbox 759 587 898 590; x_wconf 95' lang='lat' dir='ltr'> </span> 
     </span>
    </p>
   </div>
   <div class='ocr_carea' id='block_1_4' title="bbox 82 691 1569 819">
    <p class='ocr_par' dir='ltr' id='par_1_4' title="bbox 82 691 1569 819">
     <span class='ocr_line' id='line_1_7' title="bbox 85 691 1569 747; baseline 0 -12"><span class='ocrx_word' id='word_1_30' title='bbox 85 693 158 735; x_wconf 78' lang='lat' dir='ltr'>Ad</span> <span class='ocrx_word' id='word_1_31' title='bbox 190 693 368 741; x_wconf 73' lang='lat' dir='ltr'>eundem</span> <span class='ocrx_word' id='word_1_32' title='bbox 395 692 540 734; x_wconf 73' lang='lat' dir='ltr'>divum</span> <span class='ocrx_word' id='word_1_33' title='bbox 573 691 873 734; x_wconf 75' lang='lat' dir='ltr'>Vuladislaum</span> <span class='ocrx_word' id='word_1_34' title='bbox 904 692 1062 747; x_wconf 67' lang='lat' dir='ltr'>Reyem</span> <span class='ocrx_word' id='word_1_35' title='bbox 1086 692 1305 746; x_wconf 67' lang='lat' dir='ltr'>inclytum,</span> <span class='ocrx_word' id='word_1_36' title='bbox 1339 693 1414 734; x_wconf 69' lang='lat' dir='ltr'>sub</span> <span class='ocrx_word' id='word_1_37' title='bbox 1448 692 1569 735; x_wconf 67' lang='lat' dir='ltr'>cuius</span> 
     </span>
     <span class='ocr_line' id='line_1_8' title="bbox 82 762 1566 819; baseline -0.001 -12"><span class='ocrx_word' id='word_1_38' title='bbox 82 764 233 807; x_wconf 64' lang='lat' dir='ltr'>iubare</span> <span class='ocrx_word' id='word_1_39' title='bbox 274 768 360 806; x_wconf 80' lang='lat' dir='ltr'>tota</span> <span class='ocrx_word' id='word_1_40' title='bbox 402 762 640 819; x_wconf 71' lang='lat' dir='ltr'>Hunyarz&#39;a</span> <span class='ocrx_word' id='word_1_41' title='bbox 679 767 716 805; x_wconf 79' lang='lat' dir='ltr'>et</span> <span class='ocrx_word' id='word_1_42' title='bbox 753 763 960 805; x_wconf 67' lang='lat' dir='ltr'>Bohemz&#39;a</span> <span class='ocrx_word' id='word_1_43' title='bbox 1004 768 1194 805; x_wconf 73' lang='lat' dir='ltr'>coruscat</span> <span class='ocrx_word' id='word_1_44' title='bbox 1239 763 1566 818; x_wconf 62' lang='lat' dir='ltr'>triumphatque.</span> 
     </span>
    </p>
   </div>
   <div class='ocr_carea' id='block_1_5' title="bbox 137 882 1431 1718">
    <p class='ocr_par' dir='ltr' id='par_1_5' title="bbox 234 882 1427 1008">
     <span class='ocr_line' id='line_1_9' title="bbox 234 882 1427 937; baseline -0.001 -13"><span class='ocrx_word' id='word_1_45' title='bbox 234 884 376 924; x_wconf 89' lang='lat' dir='ltr'>Aurea</span> <span class='ocrx_word' id='word_1_46' title='bbox 406 896 543 936; x_wconf 87' lang='lat' dir='ltr'>regna</span> <span class='ocrx_word' id='word_1_47' title='bbox 573 882 722 924; x_wconf 90' lang='lat' dir='ltr'>fovent</span> <span class='ocrx_word' id='word_1_48' title='bbox 756 882 839 924; x_wconf 96' lang='grc'>1100</span> <span class='ocrx_word' id='word_1_49' title='bbox 871 883 1063 937; x_wconf 76' lang='lat' dir='ltr'>principe</span> <span class='ocrx_word' id='word_1_50' title='bbox 1085 888 1226 924; x_wconf 84' lang='lat' dir='ltr'>stante</span> <span class='ocrx_word' id='word_1_51' title='bbox 1250 883 1427 924; x_wconf 90' lang='lat' dir='ltr'>Bohemi</span> 
     </span>
     <span class='ocr_line' id='line_1_10' title="bbox 292 953 1199 1008; baseline -0.001 -13"><span class='ocrx_word' id='word_1_52' title='bbox 292 954 346 995; x_wconf 90' lang='lat' dir='ltr'>Et</span> <span class='ocrx_word' id='word_1_53' title='bbox 377 954 575 1008; x_wconf 87' lang='lat' dir='ltr'>preciosa</span> <span class='ocrx_word' id='word_1_54' title='bbox 608 953 673 995; x_wconf 92' lang='lat' dir='ltr'>sui</span> <span class='ocrx_word' id='word_1_55' title='bbox 706 954 924 995; x_wconf 89' lang='lat' dir='ltr'>Pannonis</span> <span class='ocrx_word' id='word_1_56' title='bbox 959 967 1033 995; x_wconf 91' lang='lat' dir='ltr'>ora</span> <span class='ocrx_word' id='word_1_57' title='bbox 1066 953 1199 995; x_wconf 90' lang='lat' dir='ltr'>ducis.</span> 
     </span>
    </p>

    <p class='ocr_par' dir='ltr' id='par_1_6' title="bbox 234 1024 1330 1150">
     <span class='ocr_line' id='line_1_11' title="bbox 234 1024 1330 1075; baseline -0.001 -9"><span class='ocrx_word' id='word_1_58' title='bbox 234 1025 401 1067; x_wconf 80' lang='lat' dir='ltr'>Emicat</span> <span class='ocrx_word' id='word_1_59' title='bbox 434 1024 633 1067; x_wconf 83' lang='lat' dir='ltr'>Oceanus</span> <span class='ocrx_word' id='word_1_60' title='bbox 664 1025 749 1067; x_wconf 87' lang='lat' dir='ltr'>iam</span> <span class='ocrx_word' id='word_1_61' title='bbox 782 1025 897 1066; x_wconf 92' lang='lat' dir='ltr'>nullo</span> <span class='ocrx_word' id='word_1_62' title='bbox 931 1024 1125 1066; x_wconf 88' lang='lat' dir='ltr'>turbidus</span> <span class='ocrx_word' id='word_1_63' title='bbox 1160 1025 1330 1075; x_wconf 69' lang='lat' dir='ltr'>Austro,</span> 
     </span>
     <span class='ocr_line' id='line_1_12' title="bbox 298 1095 1329 1150; baseline -0.001 -12"><span class='ocrx_word' id='word_1_64' title='bbox 298 1095 512 1150; x_wconf 83' lang='lat' dir='ltr'>Spargere</span> <span class='ocrx_word' id='word_1_65' title='bbox 545 1109 626 1137; x_wconf 91' lang='lat' dir='ltr'>nec</span> <span class='ocrx_word' id='word_1_66' title='bbox 658 1095 812 1138; x_wconf 87' lang='lat' dir='ltr'>fluctus</span> <span class='ocrx_word' id='word_1_67' title='bbox 845 1096 962 1137; x_wconf 86' lang='lat' dir='ltr'>Plias</span> <span class='ocrx_word' id='word_1_68' title='bbox 996 1096 1142 1148; x_wconf 89' lang='lat' dir='ltr'>iniqua</span> <span class='ocrx_word' id='word_1_69' title='bbox 1174 1102 1329 1150; x_wconf 91' lang='lat' dir='ltr'>potest.</span> 
     </span>
    </p>

    <p class='ocr_par' dir='ltr' id='par_1_7' title="bbox 158 1166 1384 1422">
     <span class='ocr_line' id='line_1_13' title="bbox 158 1166 1349 1221; baseline 0 -12"><span class='ocrx_word' id='word_1_70' title='bbox 158 1177 179 1210; x_wconf 87' lang='lat'>5</span> <span class='ocrx_word' id='word_1_71' title='bbox 235 1166 393 1209; x_wconf 80' lang='lat' dir='ltr'>Tendit</span> <span class='ocrx_word' id='word_1_72' title='bbox 423 1167 467 1208; x_wconf 91' lang='lat' dir='ltr'>in</span> <span class='ocrx_word' id='word_1_73' title='bbox 498 1167 697 1220; x_wconf 90' lang='lat' dir='ltr'>Assyrios</span> <span class='ocrx_word' id='word_1_74' title='bbox 729 1173 846 1208; x_wconf 87' lang='lat' dir='ltr'>tutus</span> <span class='ocrx_word' id='word_1_75' title='bbox 879 1181 972 1209; x_wconf 90' lang='lat' dir='ltr'>cum</span> <span class='ocrx_word' id='word_1_76' title='bbox 1005 1167 1167 1220; x_wconf 83' lang='lat' dir='ltr'>remige</span> <span class='ocrx_word' id='word_1_77' title='bbox 1201 1174 1349 1221; x_wconf 89' lang='lat' dir='ltr'>portus</span> 
     </span>
     <span class='ocr_line' id='line_1_14' title="bbox 293 1237 1343 1290; baseline 0.001 -11"><span class='ocrx_word' id='word_1_78' title='bbox 293 1237 464 1290; x_wconf 82' lang='lat' dir='ltr'>Navita,</span> <span class='ocrx_word' id='word_1_79' title='bbox 498 1237 553 1279; x_wconf 91' lang='lat' dir='ltr'>ad</span> <span class='ocrx_word' id='word_1_80' title='bbox 587 1243 787 1280; x_wconf 75' lang='lat' dir='ltr'>externos</span> <span class='ocrx_word' id='word_1_81' title='bbox 819 1237 936 1279; x_wconf 89' lang='lat' dir='ltr'>haud</span> <span class='ocrx_word' id='word_1_82' title='bbox 968 1237 1088 1279; x_wconf 91' lang='lat' dir='ltr'>timet</span> <span class='ocrx_word' id='word_1_83' title='bbox 1119 1238 1179 1279; x_wconf 91' lang='lat' dir='ltr'>ire</span> <span class='ocrx_word' id='word_1_84' title='bbox 1212 1238 1343 1280; x_wconf 83' lang='lat' dir='ltr'>locos,</span> 
     </span>
     <span class='ocr_line' id='line_1_15' title="bbox 235 1308 1384 1363; baseline 0.001 -13"><span class='ocrx_word' id='word_1_85' title='bbox 235 1309 409 1362; x_wconf 89' lang='lat' dir='ltr'>Iamque</span> <span class='ocrx_word' id='word_1_86' title='bbox 442 1322 600 1363; x_wconf 87' lang='lat' dir='ltr'>vagum</span> <span class='ocrx_word' id='word_1_87' title='bbox 632 1309 815 1363; x_wconf 89' lang='lat' dir='ltr'>pelagus</span> <span class='ocrx_word' id='word_1_88' title='bbox 848 1309 1022 1363; x_wconf 88' lang='lat' dir='ltr'>pacabit</span> <span class='ocrx_word' id='word_1_89' title='bbox 1053 1308 1235 1362; x_wconf 85' lang='lat' dir='ltr'>belliger</span> <span class='ocrx_word' id='word_1_90' title='bbox 1267 1323 1384 1357; x_wconf 75' lang='lat' dir='ltr'>ense,</span> 
     </span>
     <span class='ocr_line' id='line_1_16' title="bbox 294 1379 1314 1422; baseline 0.001 -1"><span class='ocrx_word' id='word_1_91' title='bbox 294 1379 484 1421; x_wconf 86' lang='lat' dir='ltr'>Noscent</span> <span class='ocrx_word' id='word_1_92' title='bbox 516 1380 752 1422; x_wconf 90' lang='lat' dir='ltr'>Herculeas</span> <span class='ocrx_word' id='word_1_93' title='bbox 785 1380 970 1421; x_wconf 89' lang='lat' dir='ltr'>barbara</span> <span class='ocrx_word' id='word_1_94' title='bbox 1001 1379 1117 1421; x_wconf 90' lang='lat' dir='ltr'>bella</span> <span class='ocrx_word' id='word_1_95' title='bbox 1149 1393 1314 1422; x_wconf 90' lang='lat' dir='ltr'>manus.</span> 
     </span>
    </p>

    <p class='ocr_par' dir='ltr' id='par_1_8' title="bbox 137 1450 1431 1718">
     <span class='ocr_line' id='line_1_17' title="bbox 238 1450 1431 1505; baseline 0.002 -13"><span class='ocrx_word' id='word_1_96' title='bbox 238 1450 399 1492; x_wconf 88' lang='lat' dir='ltr'>Caesar</span> <span class='ocrx_word' id='word_1_97' title='bbox 431 1456 473 1492; x_wconf 89' lang='lat' dir='ltr'>et</span> <span class='ocrx_word' id='word_1_98' title='bbox 492 1451 564 1493; x_wconf 93' lang='lat' dir='ltr'>ille</span> <span class='ocrx_word' id='word_1_99' title='bbox 596 1464 748 1505; x_wconf 71' lang='lat' dir='ltr'>vagus,</span> <span class='ocrx_word' id='word_1_100' title='bbox 781 1451 866 1492; x_wconf 90' lang='lat' dir='ltr'>iam</span> <span class='ocrx_word' id='word_1_101' title='bbox 889 1451 1027 1492; x_wconf 86' lang='lat' dir='ltr'>victus</span> <span class='ocrx_word' id='word_1_102' title='bbox 1061 1457 1214 1505; x_wconf 86' lang='lat' dir='ltr'>sponte</span> <span class='ocrx_word' id='word_1_103' title='bbox 1249 1452 1431 1505; x_wconf 87' lang='lat' dir='ltr'>sagittas</span> 
     </span>
     <span class='ocr_line' id='line_1_18' title="bbox 137 1521 1389 1576; baseline -0.002 -10"><span class='ocrx_word' id='word_1_104' title='bbox 137 1532 182 1566; x_wconf 90' lang='lat'>10</span> <span class='ocrx_word' id='word_1_105' title='bbox 296 1523 483 1563; x_wconf 85' lang='lat' dir='ltr'>Damnat</span> <span class='ocrx_word' id='word_1_106' title='bbox 516 1528 559 1564; x_wconf 92' lang='lat' dir='ltr'>et</span> <span class='ocrx_word' id='word_1_107' title='bbox 589 1522 633 1563; x_wconf 90' lang='lat' dir='ltr'>in</span> <span class='ocrx_word' id='word_1_108' title='bbox 666 1522 827 1564; x_wconf 86' lang='lat' dir='ltr'>volucri</span> <span class='ocrx_word' id='word_1_109' title='bbox 858 1522 1021 1563; x_wconf 90' lang='lat' dir='ltr'>fractus</span> <span class='ocrx_word' id='word_1_110' title='bbox 1055 1521 1236 1563; x_wconf 86' lang='lat' dir='ltr'>adheret</span> <span class='ocrx_word' id='word_1_111' title='bbox 1269 1537 1389 1576; x_wconf 88' lang='lat' dir='ltr'>equo.</span> 
     </span>
     <span class='ocr_line' id='line_1_19' title="bbox 237 1592 1394 1647; baseline 0.001 -13"><span class='ocrx_word' id='word_1_112' title='bbox 237 1593 373 1647; x_wconf 91' lang='lat' dir='ltr'>Impia</span> <span class='ocrx_word' id='word_1_113' title='bbox 404 1606 513 1646; x_wconf 86' lang='lat' dir='ltr'>gens</span> <span class='ocrx_word' id='word_1_114' title='bbox 545 1599 681 1647; x_wconf 84' lang='lat' dir='ltr'>paret,</span> <span class='ocrx_word' id='word_1_115' title='bbox 714 1593 899 1647; x_wconf 91' lang='lat' dir='ltr'>populus</span> <span class='ocrx_word' id='word_1_116' title='bbox 933 1592 1010 1634; x_wconf 91' lang='lat' dir='ltr'>tibi</span> <span class='ocrx_word' id='word_1_117' title='bbox 1042 1593 1203 1646; x_wconf 85' lang='lat' dir='ltr'>templa</span> <span class='ocrx_word' id='word_1_118' title='bbox 1236 1593 1394 1635; x_wconf 89' lang='lat' dir='ltr'>dicabit</span> 
     </span>
     <span class='ocr_line' id='line_1_20' title="bbox 297 1664 1242 1718; baseline 0.001 -12"><span class='ocrx_word' id='word_1_119' title='bbox 297 1664 453 1706; x_wconf 90' lang='lat' dir='ltr'>Cernet</span> <span class='ocrx_word' id='word_1_120' title='bbox 485 1665 690 1718; x_wconf 87' lang='lat' dir='ltr'>Apelleas</span> <span class='ocrx_word' id='word_1_121' title='bbox 722 1670 836 1705; x_wconf 88' lang='lat' dir='ltr'>terra</span> <span class='ocrx_word' id='word_1_122' title='bbox 869 1664 1074 1717; x_wconf 90' lang='lat' dir='ltr'>opulenta</span> <span class='ocrx_word' id='word_1_123' title='bbox 1106 1670 1242 1707; x_wconf 89' lang='lat' dir='ltr'>notas.</span> 
     </span>
    </p>
   </div>
   <div class='ocr_carea' id='block_1_6' title="bbox 88 1888 1573 2015">
    <p class='ocr_par' dir='ltr' id='par_1_9' title="bbox 88 1888 1573 2015">
     <span class='ocr_line' id='line_1_21' title="bbox 88 1888 1573 1944; baseline 0.001 -14"><span class='ocrx_word' id='word_1_124' title='bbox 88 1888 162 1930; x_wconf 76' lang='lat' dir='ltr'>Ad</span> <span class='ocrx_word' id='word_1_125' title='bbox 184 1889 362 1932; x_wconf 73' lang='lat' dir='ltr'>eundem</span> <span class='ocrx_word' id='word_1_126' title='bbox 389 1888 533 1931; x_wconf 77' lang='lat' dir='ltr'>divum</span> <span class='ocrx_word' id='word_1_127' title='bbox 557 1888 855 1931; x_wconf 55' lang='lat' dir='ltr'>wladislaum</span> <span class='ocrx_word' id='word_1_128' title='bbox 876 1889 1035 1944; x_wconf 70' lang='lat' dir='ltr'>Reyem</span> <span class='ocrx_word' id='word_1_129' title='bbox 1064 1890 1113 1931; x_wconf 78' lang='lat' dir='ltr'>de</span> <span class='ocrx_word' id='word_1_130' title='bbox 1134 1888 1255 1942; x_wconf 76' lang='lat' dir='ltr'>fama</span> <span class='ocrx_word' id='word_1_131' title='bbox 1284 1889 1573 1943; x_wconf 74' lang='lat' dir='ltr'>comparanda</span> 
     </span>
     <span class='ocr_line' id='line_1_22' title="bbox 442 1960 1224 2015; baseline 0 -14"><span class='ocrx_word' id='word_1_132' title='bbox 442 1975 535 2002; x_wconf 76' lang='lat' dir='ltr'>cum</span> <span class='ocrx_word' id='word_1_133' title='bbox 565 1960 693 2015; x_wconf 68' lang='lat' dir='ltr'>glestis</span> <span class='ocrx_word' id='word_1_134' title='bbox 726 1960 882 2002; x_wconf 72' lang='lat' dir='ltr'>ducum</span> <span class='ocrx_word' id='word_1_135' title='bbox 914 1960 1224 2002; x_wconf 74' lang='lat' dir='ltr'>Romanorum.</span> 
     </span>
    </p>
   </div>
   <div class='ocr_carea' id='block_1_7' title="bbox 146 2079 1438 2769">
    <p class='ocr_par' dir='ltr' id='par_1_10' title="bbox 146 2079 1438 2769">
     <span class='ocr_line' id='line_1_23' title="bbox 238 2079 1418 2133; baseline -0.002 -12"><span class='ocrx_word' id='word_1_136' title='bbox 238 2079 402 2133; x_wconf 87' lang='lat' dir='ltr'>Inclyta</span> <span class='ocrx_word' id='word_1_137' title='bbox 433 2080 600 2121; x_wconf 88' lang='lat' dir='ltr'>Romuli</span> <span class='ocrx_word' id='word_1_138' title='bbox 632 2079 731 2120; x_wconf 93' lang='lat' dir='ltr'>dum</span> <span class='ocrx_word' id='word_1_139' title='bbox 765 2085 937 2120; x_wconf 89' lang='lat' dir='ltr'>taceant</span> <span class='ocrx_word' id='word_1_140' title='bbox 971 2079 1169 2133; x_wconf 73' lang='lat' dir='ltr'>exempla</span> <span class='ocrx_word' id='word_1_141' title='bbox 1202 2085 1418 2132; x_wconf 74' lang='lat' dir='ltr'>nepotum⁷</span> 
     </span>
     <span class='ocr_line' id='line_1_24' title="bbox 296 2150 1257 2204; baseline -0.002 -12"><span class='ocrx_word' id='word_1_142' title='bbox 296 2150 377 2192; x_wconf 86' lang='lat' dir='ltr'>Vel</span> <span class='ocrx_word' id='word_1_143' title='bbox 409 2150 510 2192; x_wconf 89' lang='lat' dir='ltr'>data</span> <span class='ocrx_word' id='word_1_144' title='bbox 542 2150 727 2204; x_wconf 86' lang='lat' dir='ltr'>Tarpeio</span> <span class='ocrx_word' id='word_1_145' title='bbox 761 2156 899 2191; x_wconf 87' lang='lat' dir='ltr'>rostra</span> <span class='ocrx_word' id='word_1_146' title='bbox 933 2150 1120 2203; x_wconf 89' lang='lat' dir='ltr'>superba</span> <span class='ocrx_word' id='word_1_147' title='bbox 1153 2150 1257 2191; x_wconf 88' lang='lat' dir='ltr'>foro.</span> 
     </span>
     <span class='ocr_line' id='line_1_25' title="bbox 239 2220 1438 2276; baseline -0.001 -14"><span class='ocrx_word' id='word_1_148' title='bbox 239 2221 434 2263; x_wconf 84' lang='lat' dir='ltr'>Fulmina</span> <span class='ocrx_word' id='word_1_149' title='bbox 457 2221 703 2276; x_wconf 82' lang='lat' dir='ltr'>Scipiadum</span> <span class='ocrx_word' id='word_1_150' title='bbox 726 2227 1039 2275; x_wconf 86' lang='lat' dir='ltr'>penetrantque</span> <span class='ocrx_word' id='word_1_151' title='bbox 1061 2220 1246 2262; x_wconf 87' lang='lat' dir='ltr'>culmina</span> <span class='ocrx_word' id='word_1_152' title='bbox 1270 2220 1438 2274; x_wconf 87' lang='lat' dir='ltr'>Olympi</span> 
     </span>
     <span class='ocr_line' id='line_1_26' title="bbox 301 2292 1217 2346; baseline -0.003 -12"><span class='ocrx_word' id='word_1_153' title='bbox 301 2292 483 2335; x_wconf 87' lang='lat' dir='ltr'>Cessent</span> <span class='ocrx_word' id='word_1_154' title='bbox 515 2293 711 2346; x_wconf 90' lang='lat' dir='ltr'>belligeri</span> <span class='ocrx_word' id='word_1_155' title='bbox 742 2292 871 2333; x_wconf 88' lang='lat' dir='ltr'>fortia</span> <span class='ocrx_word' id='word_1_156' title='bbox 902 2292 1049 2332; x_wconf 81' lang='lat' dir='ltr'>Martis</span> <span class='ocrx_word' id='word_1_157' title='bbox 1083 2297 1217 2332; x_wconf 88' lang='lat' dir='ltr'>erant.</span> 
     </span>
     <span class='ocr_line' id='line_1_27' title="bbox 164 2362 1350 2416; baseline -0.003 -10"><span class='ocrx_word' id='word_1_158' title='bbox 164 2375 185 2408; x_wconf 89' lang='lat'>5</span> <span class='ocrx_word' id='word_1_159' title='bbox 239 2364 316 2405; x_wconf 90' lang='lat' dir='ltr'>Ille</span> <span class='ocrx_word' id='word_1_160' title='bbox 350 2363 478 2405; x_wconf 88' lang='lat' dir='ltr'>etiam</span> <span class='ocrx_word' id='word_1_161' title='bbox 510 2364 661 2405; x_wconf 90' lang='lat' dir='ltr'>tellure</span> <span class='ocrx_word' id='word_1_162' title='bbox 694 2376 832 2416; x_wconf 87' lang='lat' dir='ltr'>vagus</span> <span class='ocrx_word' id='word_1_163' title='bbox 866 2362 936 2415; x_wconf 88' lang='lat' dir='ltr'>qui</span> <span class='ocrx_word' id='word_1_164' title='bbox 968 2368 1098 2416; x_wconf 87' lang='lat' dir='ltr'>ponte</span> <span class='ocrx_word' id='word_1_165' title='bbox 1131 2362 1350 2416; x_wconf 87' lang='lat' dir='ltr'>niphatem</span> 
     </span>
     <span class='ocr_line' id='line_1_28' title="bbox 300 2432 1241 2487; baseline -0.002 -11"><span class='ocrx_word' id='word_1_166' title='bbox 300 2435 448 2476; x_wconf 92' lang='lat' dir='ltr'>Pelleo</span> <span class='ocrx_word' id='word_1_167' title='bbox 481 2434 692 2486; x_wconf 78' lang='lat' dir='ltr'>astrinxit,</span> <span class='ocrx_word' id='word_1_168' title='bbox 727 2433 909 2487; x_wconf 82' lang='lat' dir='ltr'>Gangen</span> <span class='ocrx_word' id='word_1_169' title='bbox 943 2440 985 2474; x_wconf 87' lang='lat' dir='ltr'>et</span> <span class='ocrx_word' id='word_1_170' title='bbox 1017 2446 1088 2474; x_wconf 92' lang='lat' dir='ltr'>ore</span> <span class='ocrx_word' id='word_1_171' title='bbox 1122 2432 1241 2474; x_wconf 89' lang='lat' dir='ltr'>bibit.</span> 
     </span>
     <span class='ocr_line' id='line_1_29' title="bbox 242 2503 1373 2557; baseline -0.003 -10"><span class='ocrx_word' id='word_1_172' title='bbox 242 2506 392 2547; x_wconf 78' lang='lat' dir='ltr'>Foelix</span> <span class='ocrx_word' id='word_1_173' title='bbox 422 2505 621 2557; x_wconf 80' lang='lat' dir='ltr'>Eacides,</span> <span class='ocrx_word' id='word_1_174' title='bbox 655 2512 824 2556; x_wconf 85' lang='lat' dir='ltr'>terram,</span> <span class='ocrx_word' id='word_1_175' title='bbox 858 2518 988 2556; x_wconf 79' lang='lat' dir='ltr'>mare,</span> <span class='ocrx_word' id='word_1_176' title='bbox 1023 2503 1179 2557; x_wconf 87' lang='lat' dir='ltr'>sydera</span> <span class='ocrx_word' id='word_1_177' title='bbox 1211 2510 1373 2554; x_wconf 70' lang='lat' dir='ltr'>nactus,</span> 
     </span>
     <span class='ocr_line' id='line_1_30' title="bbox 301 2575 1281 2631; baseline -0.003 -13"><span class='ocrx_word' id='word_1_178' title='bbox 301 2577 488 2618; x_wconf 88' lang='lat' dir='ltr'>Heroum</span> <span class='ocrx_word' id='word_1_179' title='bbox 521 2577 703 2631; x_wconf 79' lang='lat' dir='ltr'>effigies,</span> <span class='ocrx_word' id='word_1_180' title='bbox 739 2589 885 2618; x_wconf 90' lang='lat' dir='ltr'>currus</span> <span class='ocrx_word' id='word_1_181' title='bbox 919 2582 960 2616; x_wconf 91' lang='lat' dir='ltr'>et</span> <span class='ocrx_word' id='word_1_182' title='bbox 994 2589 1111 2616; x_wconf 85' lang='lat' dir='ltr'>arma</span> <span class='ocrx_word' id='word_1_183' title='bbox 1145 2575 1281 2616; x_wconf 82' lang='lat' dir='ltr'>silent.</span> 
     </span>
     <span class='ocr_line' id='line_1_31' title="bbox 243 2646 1305 2701; baseline -0.003 -12"><span class='ocrx_word' id='word_1_184' title='bbox 243 2647 492 2690; x_wconf 88' lang='lat' dir='ltr'>Vuladislao</span> <span class='ocrx_word' id='word_1_185' title='bbox 526 2648 662 2690; x_wconf 92' lang='lat' dir='ltr'>omnis</span> <span class='ocrx_word' id='word_1_186' title='bbox 695 2647 880 2701; x_wconf 89' lang='lat' dir='ltr'>Phrigiis</span> <span class='ocrx_word' id='word_1_187' title='bbox 914 2646 1199 2687; x_wconf 87' lang='lat' dir='ltr'>memorabilis</span> <span class='ocrx_word' id='word_1_188' title='bbox 1234 2647 1305 2687; x_wconf 92' lang='lat' dir='ltr'>uni</span> 
     </span>
     <span class='ocr_line' id='line_1_32' title="bbox 146 2716 1259 2769; baseline -0.005 -7"><span class='ocrx_word' id='word_1_189' title='bbox 146 2729 191 2763; x_wconf 88' lang='grc'>10</span> <span class='ocrx_word' id='word_1_190' title='bbox 306 2718 444 2760; x_wconf 84' lang='lat' dir='ltr'>Cedat</span> <span class='ocrx_word' id='word_1_191' title='bbox 474 2719 625 2769; x_wconf 84' lang='lat' dir='ltr'>honos,</span> <span class='ocrx_word' id='word_1_192' title='bbox 659 2718 785 2760; x_wconf 88' lang='lat' dir='ltr'>cedat</span> <span class='ocrx_word' id='word_1_193' title='bbox 818 2717 1016 2758; x_wconf 88' lang='lat' dir='ltr'>laudibus</span> <span class='ocrx_word' id='word_1_194' title='bbox 1050 2730 1124 2757; x_wconf 83' lang='lat' dir='ltr'>ara</span> <span class='ocrx_word' id='word_1_195' title='bbox 1160 2716 1259 2757; x_wconf 88' lang='lat' dir='ltr'>suis.</span> 
     </span>
    </p>
   </div>
  </div>
 </body>
</html>
