1898 3278
273 157 339 189 114

273 299 383 348 Quot
415 300 673 353 Pithagoras
696 307 871 354 propter
893 300 1100 341 scientiae
1125 313 1310 341 amorem
1332 300 1522 353 pericula
1543 300 1758 351 sustinuit,

271 378 372 423 quot
410 372 532 412 Plato
567 405 573 411 .
607 405 614 413 .
647 405 654 413 .
690 371 814 412 ambo
860 372 1096 425 Aegyptios
1142 371 1384 425 petiverunt
1430 377 1474 411 ut
1519 370 1755 412 doctrinam

270 442 455 494 aliquam
489 442 659 496 graecis
692 442 951 496 incognitam
987 442 1151 483 discere
1185 442 1391 492 valerent,
1425 450 1467 482 te
1491 441 1682 483 similiter
1704 455 1756 484 ea

270 519 442 555 nostrae
476 514 630 554 mentis
664 514 778 555 bona
810 514 913 554 nulli
945 514 1169 555 variationi
1203 513 1427 567 supposita
1458 513 1618 566 ingenii
1650 512 1755 554 acri-

269 585 410 625 monia
434 585 670 626 clarissima
692 598 975 639 cognoscens,
1003 586 1115 626 omni
1138 585 1284 627 labore
1308 591 1421 625 tuam
1447 584 1755 626 nobilissimam

269 656 451 696 animam
486 656 568 697 illis
601 656 708 710 ipsis
741 670 892 697 ornare
927 657 1098 704 curasti,
1137 670 1190 698 ne
1224 669 1345 697 mens
1377 663 1450 697 tua
1484 655 1754 697 excellentis-

270 728 375 768 simo
421 740 498 768 suo
531 727 689 768 lumine
723 727 873 769 orbata
906 734 1036 777 esset,
1083 733 1124 768 et
1171 727 1459 768 delectatione
1494 725 1753 780 splendidis—

269 799 390 851 sima,
436 812 520 851 qua
564 812 701 840 rerum
750 812 919 847 causas,
967 799 1227 840 amaenitate
1268 798 1532 840 iucunditate
1567 804 1608 839 et
1642 797 1755 838 omni

268 868 439 911 dulcore
473 871 751 924 contemplari
786 870 856 911 diu
890 877 1104 922 noctuque
1137 870 1336 911 laborat.
1364 904 1403 911 ..
1439 870 1576 911 Nullis
1605 870 1647 910 in
1681 876 1755 911 tua

266 941 441 982 iuvenili
488 948 632 982 aetate
681 942 901 982 laboribus
951 942 1196 995 pepercisti,
1243 942 1359 982 nulla
1403 942 1517 982 vitae
1564 941 1755 995 pericula

266 1012 455 1063 timuisti,
490 1012 629 1053 nullas
663 1013 945 1064 calamitates,
981 1026 1091 1065 quae
1125 1013 1324 1054 continuo
1358 1013 1432 1054 tibi
1462 1012 1754 1063 imminebant,

266 1083 427 1137 fugisti,
474 1084 552 1125 sed
584 1084 738 1125 audaci
773 1084 912 1125 animo
947 1085 1115 1137 singula
1149 1084 1381 1138 praemium
1417 1097 1598 1138 sperans
1641 1083 1754 1136 quod

266 1155 491 1208 magnifice
536 1155 613 1196 tibi
646 1155 836 1209 contigit,
885 1169 1120 1209 aggressus
1166 1155 1285 1196 fuisti
1316 1156 1378 1196 rei
1410 1155 1523 1196 illius
1568 1155 1754 1196 testimo-

266 1227 380 1267 nium
421 1225 654 1267 veridicum
700 1226 868 1268 videtur
912 1227 1054 1268 vultus
1088 1227 1148 1267 tui
1181 1227 1385 1268 maiestas
1425 1239 1528 1280 prae
1563 1239 1609 1267 se
1642 1226 1754 1267 ferre

267 1298 671 1339 excellentissimum
707 1311 890 1351 namque
931 1299 1204 1339 scientiarum
1249 1298 1439 1339 thesauri
1483 1298 1526 1338 in
1569 1305 1612 1339 te
1656 1297 1753 1339 abs-

266 1369 425 1410 conditi
472 1368 674 1410 indicium
722 1370 881 1423 pariter
928 1369 1041 1411 facie
1092 1383 1340 1423 comparere
1387 1370 1509 1421 solet,
1557 1382 1642 1410 non
1684 1369 1754 1409 hic

265 1440 459 1481 nimirum
504 1440 628 1482 abest
662 1440 910 1482 doctissima
954 1442 1188 1482 litterarum
1230 1441 1430 1494 cognitio,
1476 1453 1561 1482 non
1605 1440 1695 1482 veri
1727 1453 1753 1480 a

263 1512 374 1553 falso
409 1511 610 1553 discretio
645 1526 725 1554 nec
747 1513 955 1554 sermonis
978 1513 1195 1566 elegantia
1219 1512 1503 1554 ornatissima.
1534 1512 1614 1553 Hic
1636 1511 1752 1552 haud

265 1583 388 1624 deest
444 1597 672 1624 numerosa
721 1584 971 1637 quantitatis
1021 1584 1233 1636 doctrina,
1287 1597 1366 1625 nec
1410 1592 1526 1625 recte
1573 1583 1753 1638 sophiae

264 1655 450 1708 cognitio
496 1656 603 1696 scitu
650 1655 776 1697 facile
823 1655 1090 1709 dignissima,
1138 1669 1221 1697 non
1270 1655 1549 1696 sacratissimi
1594 1654 1752 1707 eloquii

263 1725 526 1777 fundamina,
549 1740 629 1767 nec
653 1740 703 1767 ac
727 1740 837 1779 quae
860 1729 993 1768 virum
1016 1728 1057 1767 iu
1083 1727 1164 1768 hac
1196 1733 1309 1768 terra
1329 1726 1492 1768 faciunt
1525 1726 1751 1780 sapientis-

265 1797 426 1838 simum.
475 1797 590 1838 Nihil
637 1804 778 1839 autem
820 1798 1003 1839 omnium
1050 1798 1336 1840 doctrinarum
1380 1803 1615 1851 praecepta
1660 1797 1752 1837 sine

263 1881 392 1922 opere
438 1875 479 1909 et
512 1882 591 1909 usu
624 1869 834 1923 prodesse
881 1883 1011 1923 posse
1059 1870 1148 1911 sole
1182 1869 1417 1910 meridiano
1464 1869 1619 1910 clarius
1653 1881 1751 1909 con-

264 1939 493 1993 spiciebas,
544 1953 674 1991 quare
724 1954 831 1994 opus
881 1948 1219 1982 consummatum
1275 1947 1403 1993 atque
1450 1939 1751 1994 philosophiae

262 2011 506 2065 praeceptis
539 2012 788 2064 arquisitum
820 2011 867 2065 (1)
905 2012 1070 2053 cunctis
1105 2013 1187 2053 tuis
1220 2018 1307 2052 tum
1348 2011 1472 2053 dictis
1505 2018 1591 2052 tum
1624 2010 1752 2052 factis

262 2081 467 2123 adhibere
514 2083 642 2133 soles,
690 2090 735 2123 ut-
780 2096 864 2124 non
911 2083 1126 2124 minimum
1173 2090 1288 2124 certe
1335 2083 1497 2135 absque
1545 2081 1751 2136 peculiari

262 2153 424 2194 ratione
458 2153 604 2194 facere
637 2153 837 2206 videaris,
873 2154 915 2194 in
950 2160 991 2194 te
1023 2154 1202 2208 Gregori
1235 2154 1512 2207 glorisissime
1545 2153 1751 2203 Antistes,

263 2225 447 2265 omnium
491 2225 690 2266 virtutum
734 2225 1001 2266 nobilissima
1035 2225 1274 2279 frugalitas,
1319 2238 1428 2278 quae
1468 2223 1748 2278 temperantia

262 2295 345 2336 dici
379 2301 535 2349 potest,
571 2297 846 2350 conspicitur.

260 2446 429 2482 Paulus
449 2447 720 2484 Crosnensis
741 2448 986 2484 Ruthenus
1014 2448 1198 2495 Inclyto
1223 2449 1268 2483 et
1287 2448 1535 2494 Magnifico
1555 2434 1748 2484 Domino

260 2511 468 2548 Gabrieli
507 2512 756 2557 Perenae0‚
796 2513 1193 2550 Cubiculariorum
1232 2513 1480 2560 Regalium
1510 2512 1748 2559 Magistro,

261 2577 306 2612 et,
321 2575 488 2613 Comiti
500 2577 769 2624 Ugochensi
785 2589 839 2614 ac
855 2577 1255 2620 Marmarusiensi‚
1272 2578 1468 2614 Domino
1485 2589 1539 2614 ac
1550 2577 1749 2613 Patrono

704 2654 783 2679 suo
811 2642 1075 2689 gratissimo
1104 2643 1141 2679 S.
1171 2643 1220 2678 D.
1244 2643 1317 2679 P.1

379 2722 513 2772 Quom
547 2730 661 2765 tuam
695 2724 1003 2766 incredebilem
1026 2725 1069 2765 in
1092 2737 1157 2765 me
1186 2725 1492 2765 humanitatem
1517 2724 1585 2765 vel
1605 2723 1748 2778 potius

260 2796 461 2849 pietatem
507 2809 558 2836 ac
591 2796 938 2845 munificentiam,
988 2796 1169 2836 Domine
1214 2795 1440 2848 Magnifice
1488 2802 1530 2836 et
1567 2802 1747 2849 patrone

259 2867 361 2908 mihi
394 2873 601 2920 perpetuo
647 2867 931 2919 observande,
979 2866 1228 2917 considero;
1277 2880 1359 2919 qua
1398 2880 1442 2907 re
1477 2866 1560 2908 tuis
1604 2867 1647 2907 in
1680 2879 1748 2907 me

381 2959 388 2977 ¹
418 2960 534 2994 danus
562 2960 772 2994 Pannonius
800 2960 959 2994 1512-iki
985 2960 1220 2994 kiadasahoz.
