1898 3278
1519 158 1589 191 107

106 317 220 345 mum
252 303 328 345 tibi
360 302 630 345 commendat
663 308 813 355 estque
846 302 888 343 in
922 302 1074 354 quibus
1108 302 1263 356 poterit
1301 301 1378 342 tibi
1411 300 1591 352 obsequi

106 374 391 428 paratissima.
425 373 546 427 Rogo
579 387 645 414 me
669 372 943 415 commendes
983 372 1164 413 dominis
1198 372 1303 414 meis
1336 372 1396 413 illi
1429 371 1591 413 doctori

106 444 272 486 medico
306 458 399 486 cum
433 458 515 497 quo
548 444 740 485 Venetiis
774 450 865 484 erat
909 443 1011 484 mihi
1043 444 1288 496 gratissima
1324 442 1590 484 consuetudo

105 516 234 569 paulo
279 515 448 556 domino
480 514 639 557 Joanni
672 515 877 568 sculptori
918 513 1260 567 diligentissimo,
1307 519 1348 555 et
1381 514 1592 568 principa-

109 586 205 627 liter
237 586 407 628 domino
441 586 600 627 andree
634 585 866 639 bibliopole
902 585 1110 639 compatri
1141 591 1226 627 tuo.
1258 585 1363 625 Vale
1396 584 1589 625 feliciter.

106 657 172 697 EX
203 656 319 698 bUda
350 657 605 698 Decembns
640 655 707 699 19’
984 691 1102 732 Tuus
1125 705 1177 732 ex
1201 691 1342 732 animo
1367 692 1561 732 servulus

1026 774 1065 815 J
1062 788 1222 815 oannes
1250 774 1520 826 Capelianus.

150 984 224 1021 Ad
250 984 707 1021 Reverendissimum
735 983 972 1021 dominum
998 983 1249 1030 Georgium
1274 983 1553 1029 Episcopum

153 1049 698 1097 Quinqueecclesiensem
728 1049 929 1086 Michael
955 1048 1278 1085 Chesserius
1304 1049 1552 1085 Bosnensis

612 1114 866 1161 Episcopus
894 1114 933 1151 S.
960 1115 1005 1151 P.
1037 1114 1087 1150 D.

749 1188 826 1229 (fol.
856 1189 948 1225 1472)

222 1297 348 1352 Apud
371 1296 560 1339 Graecos
584 1298 676 1339 vice
700 1297 915 1351 proverbii
938 1303 1188 1351 usurpatum
1211 1309 1308 1337 esse
1330 1296 1455 1338 video
1476 1297 1521 1337 R.
1538 1297 1590 1337 D.

105 1383 185 1408 ανω
230 1383 418 1424 ποταμων
453 1383 564 1421 ιερων
611 1382 791 1423 χωρουΰι
840 1381 979 1418 παγαί,
1028 1368 1111 1409 hoc
1159 1374 1251 1408 est:
1307 1380 1430 1409 sacra
1479 1375 1592 1409 retro

102 1440 303 1481 labuntur
335 1439 521 1481 flumina.
572 1439 696 1489 Quod
729 1440 770 1480 in
805 1454 870 1481 me
911 1439 1089 1480 forsitan
1124 1438 1207 1480 dici
1240 1439 1389 1479 merito
1428 1445 1590 1493 posset,

104 1511 203 1564 quia
235 1511 361 1552 homo
395 1510 554 1564 alioqui
586 1511 794 1552 barbarus
822 1516 864 1551 et
886 1511 1030 1551 latinis
1055 1510 1273 1551 camaenis
1296 1509 1366 1551 vix
1389 1516 1591 1562 quantum

105 1588 172 1623 sat
205 1588 271 1623 est
302 1581 497 1633 idoneus,
533 1589 619 1623 tam
652 1582 792 1623 subito
826 1594 1079 1635 graecarum
1112 1580 1254 1621 factus
1278 1580 1356 1621 sim
1377 1593 1592 1621 musarum

103 1652 330 1707 interpres.
376 1653 484 1694 Huic
516 1653 688 1706 inquam
722 1653 878 1706 adagio
912 1652 1122 1693 obnoxius
1155 1651 1289 1693 videri
1322 1664 1508 1705 possem,
1556 1651 1592 1691 si

103 1723 187 1765 hoc
219 1737 244 1764 a
276 1737 342 1765 me
375 1724 535 1765 factum
568 1723 735 1775 fuisset,
782 1724 906 1775 quasi
938 1723 1098 1764 latinae
1144 1722 1317 1776 linguae
1357 1722 1591 1776 pomerium

102 1794 293 1849 proferre
326 1795 493 1836 vellem.
541 1794 628 1836 Sed
661 1808 756 1836 cum
789 1808 839 1835 eo
872 1794 915 1835 id
949 1794 1122 1835 fecerim
1156 1794 1340 1842 nomine,
1374 1800 1418 1833 ut
1453 1806 1592 1833 meum

104 1866 301 1920 privatim
347 1866 728 1921 expergefacerem
772 1866 1005 1919 ingenium,
1053 1865 1179 1906 simul
1223 1871 1266 1905 ut
1313 1864 1464 1905 diutini
1510 1864 1593 1905 mei

103 1938 185 1979 ocii
216 1951 300 1979 non
332 1938 544 1991 integram
578 1938 731 1979 saltem
762 1938 948 1990 aliquam
970 1936 1196 1978 redderem
1222 1935 1344 1977 vobis
1367 1936 1591 1985 rationem,

102 2022 188 2050 non
219 2009 360 2061 video,
406 2022 479 2050 cur
511 2009 721 2050 audaciae
761 2009 868 2050 vicio
903 2008 1005 2049 mihi
1049 2013 1216 2048 vertere
1251 2007 1332 2048 hoc
1366 2007 1591 2059 quisquam

103 2080 252 2134 possit,
299 2094 350 2121 ac
383 2079 647 2134 Thucydidis
691 2079 796 2121 illud
830 2079 1014 2121 obiicere
1059 2092 1083 2132 η
1120 2078 1284 2133 αμαθια
1318 2091 1386 2130 μεν
1420 2078 1592 2130 &paseat

104 2165 303 2205 οκνηρους
349 2151 390 2190 δε
439 2165 481 2191 το
527 2151 809 2206 λελογισμενον
857 2153 1147 2203 απεργαζεται,
1196 2149 1240 2191 id
1289 2155 1354 2190 est
1402 2148 1591 2190 audaces

102 2223 286 2275 inscitia,
332 2223 504 2264 timidos
549 2236 651 2265 uero
687 2221 730 2276 (!)
777 2222 909 2264 efficit
954 2222 1074 2262 ratio.
1130 2221 1218 2262 Sed
1262 2228 1477 2273 utcunque
1523 2233 1591 2261 res

103 2294 244 2344 cadat,
278 2294 394 2348 vulgi
422 2294 630 2349 judicium
664 2308 750 2336 non
783 2294 907 2335 flocci
940 2293 1110 2343 faciam,
1146 2293 1181 2333 si
1213 2299 1383 2334 nostras
1421 2292 1590 2345 quales-

104 2378 271 2418 cunque
313 2379 452 2419 nugas
485 2379 511 2406 a
543 2372 585 2407 te
618 2366 791 2420 probari
836 2364 1193 2413 animadvertero,
1228 2363 1295 2405 cui
1333 2370 1376 2404 ut
1421 2377 1591 2404 munus-

106 2436 243 2477 culum
262 2436 343 2478 hoc
358 2436 585 2488 deferrem,
604 2437 828 2478 innumera
843 2449 947 2489 erga
962 2448 1028 2476 me
1045 2435 1257 2476 beneficia
1280 2435 1590 2489 compulerunt.

104 2506 212 2548 Nam
246 2520 341 2548 cum
374 2507 489 2561 apud
521 2508 730 2561 hungarie
764 2505 808 2561 (1)
853 2507 1015 2560 Regem
1048 2506 1332 2547 Vulatislaum
1377 2519 1462 2547 non
1497 2506 1589 2545 sine

104 2578 408 2619 honestissima
454 2578 723 2633 praefatione
769 2576 1087 2627 nominandum,
1133 2583 1335 2628 tanquam
1376 2577 1591 2616 Eumenes

104 2648 219 2702 apud
264 2649 568 2701 Alexandrum,
614 2663 721 2703 agas
767 2649 1174 2702 arhigrammateum
1207 2646 1268 2700 (1),
1313 2660 1379 2688 me
1421 2660 1593 2700 semper

103 2732 188 2761 non
210 2721 435 2774 protexisti
457 2720 584 2771 nudo,
611 2721 687 2762 sed
709 2727 751 2761 et
774 2720 1006 2761 honoribus
1029 2719 1088 2759 ita
1111 2718 1279 2759 auxisti.
1304 2725 1349 2758 ut
1373 2724 1590 2758 extremae

103 2790 420 2844 ingratitudinis
455 2792 581 2845 culpa
614 2792 822 2833 cariturus
855 2805 939 2831 non
973 2790 1129 2830 fuerint
1164 2786 1221 2842 (l),
1263 2789 1299 2830 si
1331 2803 1413 2829 non
1448 2789 1591 2841 aliquo

103 2868 230 2915 pacto
263 2861 306 2903 id
338 2863 522 2916 posteris
560 2868 764 2903 testatum
799 2862 953 2903 saltem
986 2859 1268 2912 reliquissem,
1316 2873 1397 2912 quo
1431 2859 1507 2900 tibi
1540 2872 1591 2900 ac

104 2932 258 2973 ceteris
291 2939 533 2986 appareret,
560 2946 644 2974 non
673 2946 844 2986 semper
876 2932 918 2973 id
952 2931 1163 2986 perditum
1186 2931 1235 2971 iri
1268 2931 1452 2984 penitus,
1478 2930 1591 2982 quod
