1919 3273
117 351 160 384 99

72 460 76 463 “
94 469 171 503 100.

94 599 159 633 101

94 670 160 704 102

92 801 159 834 103

167 350 319 386 .Valor
344 349 585 393 (Philippus):
624 349 684 382 Ad
721 358 844 392 regem
882 349 1051 382 Mathiam
1089 349 1124 382 in
1150 350 1279 383 librum
1318 349 1434 382 Theo-

374 409 514 452 phrasti
543 409 616 449 „De
642 406 794 441 Anima“
838 434 1434 442 ...........

318 468 556 511 (Philippus):
594 466 654 501 Ad
685 467 917 501 Laurentium
945 467 1083 501 Mediee
1111 477 1154 501 ex
1181 467 1306 502 codiee
1345 467 1435 500 Lau-

374 526 539 561 rentiano
565 527 706 561 litterae
732 529 806 560 tres
835 553 1433 560 ...........

166 625 172 632 .
198 597 311 633 Valla
337 597 568 640 (Georgius):
596 594 655 631 Ad
680 597 852 631 Ioannem
880 597 992 631 Tueei
1016 624 1433 631 ........

164 697 170 704 .
198 669 319 712 vegla
357 669 612 713 (Stephanus):
656 668 820 712 Epistola
847 669 892 702 ad
918 669 1151 703 Francisvum
1191 669 1235 703 de
1262 669 1435 702 Tridento

372 728 565 773 physicum
601 754 1433 763 ...............

164 828 170 834 .
197 799 334 835 Vietor
359 800 655 844 (Hieronymus):
683 800 742 833 Ad
769 800 958 834 Albertum
985 801 1030 835 de
1057 801 1184 845 Pereg.
1212 800 1403 833 MDXLIV.
1430 827 1434 832 .

319 860 480 893 Thomae
499 859 688 901 Zalahaza‚
703 859 888 903 Episcopo
906 860 1078 904 Agriensi
1105 871 1147 895 ae
1164 859 1436 903 Vesprimiensi,

374 921 410 953 et
430 918 548 962 Regni
566 919 774 963 Hungariae
795 918 1020 954 Cancellario
1039 919 1198 953 Lazarus
1217 919 1435 953 Bonamicus

314 978 441 1012 Eidem
468 977 601 1022 Georg.
628 978 753 1022 Logus
775 1005 1434 1013 ............

315 1037 509 1071 Franciseo
555 1036 687 1071 Comiti
727 1048 746 1071 a
783 1038 1084 1082 Frangapanibus
1128 1038 1437 1081 Arohiepiseopus

375 1096 570 1132 Coloeensi
595 1097 810 1131 Valentinus
837 1098 994 1132 Ecehius
1015 1124 1434 1132 ........

300 1157 495 1191 Valentino
523 1157 666 1200 Zepsio,
693 1157 910 1200 Praeposito
937 1157 1123 1191 Eursiensi
1150 1157 1248 1191 Ioan.
1275 1157 1378 1201 Lang
1428 1183 1434 1190 .

301 1216 438 1250 Eidem.
467 1215 609 1250 Valent.
637 1216 794 1250 Ecehius
835 1242 1433 1251 ...........

88 1290 166 1323 104.
195 1287 441 1331 Volphardus
469 1287 680 1328 (Adrianus)
708 1287 1012 1331 Transsylvanus,
1040 1287 1311 1331 protonotarius
1337 1287 1435 1330 Apo-

86 1527 164 1561 105.

85 1646 162 1680 106.

84 1764 163 1799 107.

86 1885 163 1919 108.

86 2004 163 2039 109.

85 2123 163 2157 110.

86 2182 164 2217 111.

86 2241 165 2277 112.

86 2301 164 2335 113.

86 2432 165 2466 114.

371 1347 523 1382 stolieus
574 1347 788 1381 Reverendo
839 1347 994 1381 Domino
1045 1347 1213 1381 Uldarico
1263 1346 1434 1387 Budensi,

372 1406 526 1440 Custodi
564 1409 600 1440 et
639 1405 823 1441 Canonieo
861 1407 1026 1447 Albensi,
1082 1406 1435 1451 Transsylvaniensi,

369 1476 449 1500 raro
477 1466 592 1500 amieo
621 1465 655 1499 S.
683 1466 713 1499 D
718 1493 1432 1500 .............

311 1525 545 1570 (Adrianus):
590 1525 630 1559 In
656 1526 919 1570 panegyricum
957 1525 1033 1560 Iani
1060 1526 1237 1560 Pannonii
1263 1526 1434 1560 editionis

368 1585 623 1620 Bononiensis.
651 1585 831 1619 MDXXII.
891 1612 1431 1620 ..........

308 1644 502 1689 Elegidion
527 1645 564 1678 in
584 1644 713 1678 librum
734 1645 933 1689 elegiarum
958 1645 1036 1679 Iani
1061 1645 1239 1679 Pannonii
1266 1645 1322 1679 ed.
1343 1645 1432 1679 Bon.

366 1703 535 1737 MDXXII
538 1732 1430 1739 ................

308 1763 541 1807 (Adrianus):
581 1763 640 1797 Ad
667 1763 901 1798 Franciseum
928 1765 1153 1799 Vardensem
1172 1764 1209 1797 in
1235 1764 1434 1798 editionem

368 1823 580 1867 panegyrici
606 1823 682 1856 Iani
708 1823 895 1857 Pannonii.
923 1824 1120 1865 Bononiae,
1147 1823 1326 1857 MDXXII.
1368 1850 1373 1856 .
1427 1851 1432 1857 .

215 1904 259 1907 ——
285 1883 520 1927 (Adrianus):
548 1882 608 1916 Ad
634 1882 811 1916 Thomam
837 1883 1001 1917 Pelleum
1027 1883 1062 1916 in
1083 1883 1280 1917 editionem
1301 1882 1433 1926 elegia-

369 1953 456 1976 rum.
484 1942 683 1983 Bononiae,
710 1942 889 1976 MDXXII.
953 1969 1431 1977 .........

312 1997 547 2046 (Atlrianus):
588 2001 741 2035 Carmen
769 2010 811 2035 ex
838 2002 998 2036 editione
1038 2002 1227 2036 cuiusdam
1261 2012 1434 2046 gramma-

368 2062 463 2096 ticae
491 2061 613 2105 operis
640 2061 736 2095 novi.
763 2061 899 2094 MDXII
904 2089 1431 2095 ..........

309 2121 517 2167 (Hilarius):
545 2121 795 2155 Deeastiehon
822 2121 868 2155 ad
895 2120 1084 2164 Calliopen
1135 2147 1431 2155 ......

311 2180 517 2225 (Hilarius):
546 2180 793 2214 Hexastiehon
835 2207 1430 2215 ...........

311 2241 495 2285 (Hilarius)
513 2253 519 2274 ε
547 2240 779 2284 Epigramma
833 2265 1431 2274 ...........

309 2300 519 2344 (Hilarius):
558 2299 729 2333 Andreae
756 2299 958 2333 Jastrabini
985 2298 1162 2333 Pannonii
1187 2298 1434 2333 Hexastiehon

371 2359 417 2394 ad
443 2359 633 2393 Leetorem
653 2385 1432 2393 ..............

193 2430 312 2467 Varia
337 2430 619 2474 epigrammata
635 2439 645 2463 :

307 2502 442 2536 Paulus
468 2501 665 2536 Istvanfius
691 2501 881 2535 Pannonio
909 2501 1072 2535 Adriano
1100 2512 1166 2535 suo
1188 2528 1430 2535 .....

311 2561 562 2596 Hexastiehon
590 2561 755 2596 eiusdem
783 2562 827 2595 ad
856 2561 1045 2595 Leotorem
1074 2587 1432 2595 .......

309 2621 423 2655 Blasii
448 2621 567 2655 Zaean
595 2620 768 2664 Segedini
795 2620 974 2654 Pannonii
1001 2620 1238 2654 Oetostiehon
1308 2647 1314 2653 .
1368 2647 1374 2652 .
1426 2646 1432 2652 .

308 2680 495 2715 Francisei
519 2680 627 2714 Fabri
653 2680 852 2724 Megiensis
883 2679 1144 2723 Transsylvani
1171 2689 1315 2713 carmen
1366 2707 1372 2712 .
1425 2706 1431 2712 .

309 2739 455 2774 Ioannis
493 2739 682 2782 Baptistae
721 2739 998 2773 Novosoliensis
1038 2738 1214 2773 Pannonii
1241 2738 1361 2783 Sylva.
1391 2758 1433 2762 —

368 2799 567 2838 Bononiae,
594 2798 777 2832 MDXXII.
835 2825 1431 2832 ...........

88 2870 165 2904 115.
194 2870 451 2914 wolphardus
471 2870 681 2913 (Adrianus)
700 2883 705 2903 :
734 2870 987 2914 Protrepticon
1011 2870 1047 2903 in
1073 2870 1128 2904 ed.
1150 2869 1226 2903 Iani
1245 2868 1432 2903 Pannonii.

372 2930 548 2971 Viennae,
575 2929 712 2963 MDXII
716 2955 1431 2964 .............

1509 728 1576 761 481

1509 799 1577 832 482

1510 918 1578 950 482

1509 977 1577 1010 482

1509 1096 1576 1129 482

1508 1156 1576 1189 483

1508 1215 1576 1248 483

1506 1465 1574 1499 483

1506 1585 1575 1617 484

1506 1705 1574 1738 486

1507 1824 1575 1856 487

1506 1942 1574 1975 489

1506 2062 1572 2094 491

1506 2120 1573 2153 491

1505 2180 1573 2212 492

1506 2239 1574 2271 492

1507 2357 1574 2390 493

1505 2500 1574 2533 493

1506 2559 1575 2593 493

1506 2619 1575 2652 494

1506 2678 1575 2711 494

1505 2927 1573 2961 496
