<?xml version="1.0" encoding="UTF-8"?>
<!DOCTYPE html PUBLIC "-//W3C//DTD XHTML 1.0 Transitional//EN"
    "http://www.w3.org/TR/xhtml1/DTD/xhtml1-transitional.dtd">
<html xmlns="http://www.w3.org/1999/xhtml" xml:lang="en" lang="en">
 <head>
  <title>
</title>
<meta http-equiv="Content-Type" content="text/html;charset=utf-8" />
  <meta name='ocr-system' content='tesseract 3.04.00' />
  <meta name='ocr-capabilities' content='ocr_page ocr_carea ocr_par ocr_line ocrx_word'/>
</head>
<body>
  <div class='ocr_page' id='page_1' title='image "analectanovaadhi00beuoft_0238.png"; bbox 0 0 1955 3278; ppageno 0'>
   <div class='ocr_carea' id='block_1_1' title="bbox 330 147 399 181">
    <p class='ocr_par' dir='ltr' id='par_1_1' title="bbox 330 147 399 181">
     <span class='ocr_line' id='line_1_1' title="bbox 330 148 350 180; textangle 90"><span class='ocrx_word' id='word_1_1' title='bbox 330 148 350 180; x_wconf 58' lang='lat' dir='ltr'>tc</span> 
     </span>
     <span class='ocr_line' id='line_1_2' title="bbox 356 147 373 180; textangle 90"><span class='ocrx_word' id='word_1_2' title='bbox 356 147 373 180; x_wconf 67' lang='grc' dir='ltr'><strong>μ</strong></span> 
     </span>
     <span class='ocr_line' id='line_1_3' title="bbox 380 148 399 181; textangle 90"><span class='ocrx_word' id='word_1_3' title='bbox 380 148 399 181; x_wconf 65' lang='lat'>10</span> 
     </span>
    </p>
   </div>
   <div class='ocr_carea' id='block_1_2' title="bbox 329 333 1816 513">
    <p class='ocr_par' dir='ltr' id='par_1_2' title="bbox 329 333 1816 513">
     <span class='ocr_line' id='line_1_4' title="bbox 329 333 1816 383; baseline 0.004 -14"><span class='ocrx_word' id='word_1_4' title='bbox 329 335 377 370; x_wconf 82' lang='lat' dir='ltr'>G.</span> <span class='ocrx_word' id='word_1_5' title='bbox 410 334 524 381; x_wconf 84' lang='lat' dir='ltr'>Logi</span> <span class='ocrx_word' id='word_1_6' title='bbox 557 333 710 370; x_wconf 86' lang='lat' dir='ltr'>Silesii</span> <span class='ocrx_word' id='word_1_7' title='bbox 743 335 801 371; x_wconf 82' lang='lat' dir='ltr'>ad</span> <span class='ocrx_word' id='word_1_8' title='bbox 828 334 1058 383; x_wconf 82' lang='lat' dir='ltr'>inclytum</span> <span class='ocrx_word' id='word_1_9' title='bbox 1093 337 1439 374; x_wconf 86' lang='lat' dir='ltr'>Ferdinandum</span> <span class='ocrx_word' id='word_1_10' title='bbox 1471 338 1741 375; x_wconf 84' lang='lat' dir='ltr'>Pannoniae</span> <span class='ocrx_word' id='word_1_11' title='bbox 1771 341 1816 376; x_wconf 66' lang='lat' dir='ltr'>et</span> 
     </span>
     <span class='ocr_line' id='line_1_5' title="bbox 330 399 1814 451; baseline 0.004 -16"><span class='ocrx_word' id='word_1_12' title='bbox 330 399 576 435; x_wconf 86' lang='lat' dir='ltr'>Bohemiae</span> <span class='ocrx_word' id='word_1_13' title='bbox 604 400 781 447; x_wconf 83' lang='lat' dir='ltr'>Regem</span> <span class='ocrx_word' id='word_1_14' title='bbox 806 400 1167 438; x_wconf 76' lang='lat' dir='ltr'>invictissimum</span> <span class='ocrx_word' id='word_1_15' title='bbox 1192 402 1598 450; x_wconf 83' lang='lat' dir='ltr'>Hendeoasyllabi‚</span> <span class='ocrx_word' id='word_1_16' title='bbox 1625 404 1814 451; x_wconf 82' lang='lat' dir='ltr'>elegiae,</span> 
     </span>
     <span class='ocr_line' id='line_1_6' title="bbox 852 466 1296 513; baseline 0 -11"><span class='ocrx_word' id='word_1_17' title='bbox 852 466 897 502; x_wconf 84' lang='grc'>61</span> <span class='ocrx_word' id='word_1_18' title='bbox 927 466 1296 513; x_wconf 74' lang='lat' dir='ltr'>epigrammata¹</span> 
     </span>
    </p>
   </div>
   <div class='ocr_carea' id='block_1_3' title="bbox 326 574 1816 1415">
    <p class='ocr_par' dir='ltr' id='par_1_3' title="bbox 329 574 1816 705">
     <span class='ocr_line' id='line_1_7' title="bbox 447 574 1813 632; baseline 0.004 -16"><span class='ocrx_word' id='word_1_19' title='bbox 447 574 552 628; x_wconf 83' lang='lat' dir='ltr'>(VII.</span> <span class='ocrx_word' id='word_1_20' title='bbox 588 575 797 618; x_wconf 89' lang='lat' dir='ltr'>Kelemen</span> <span class='ocrx_word' id='word_1_21' title='bbox 831 578 1035 632; x_wconf 80' lang='lat' dir='ltr'>papanak</span> <span class='ocrx_word' id='word_1_22' title='bbox 1068 578 1117 619; x_wconf 91' lang='grc' dir='ltr'>ΙΙ.</span> <span class='ocrx_word' id='word_1_23' title='bbox 1148 578 1282 632; x_wconf 85' lang='lat' dir='ltr'>Lajos</span> <span class='ocrx_word' id='word_1_24' title='bbox 1315 579 1645 632; x_wconf 69' lang='lat' dir='ltr'>kiralyunkhoz:</span> <span class='ocrx_word' id='word_1_25' title='bbox 1689 580 1813 628; x_wconf 63' lang='lat' dir='ltr'>„Dat</span> 
     </span>
     <span class='ocr_line' id='line_1_8' title="bbox 329 647 1816 705; baseline 0.003 -18"><span class='ocrx_word' id='word_1_26' title='bbox 329 647 502 695; x_wconf 87' lang='lat' dir='ltr'>Romae,</span> <span class='ocrx_word' id='word_1_27' title='bbox 538 647 606 689; x_wconf 91' lang='lat' dir='ltr'>die</span> <span class='ocrx_word' id='word_1_28' title='bbox 629 647 795 689; x_wconf 83' lang='lat' dir='ltr'>XXIIII</span> <span class='ocrx_word' id='word_1_29' title='bbox 817 648 1073 690; x_wconf 87' lang='lat' dir='ltr'>Novembris</span> <span class='ocrx_word' id='word_1_30' title='bbox 1096 650 1326 691; x_wconf 83' lang='lat' dir='ltr'>MDXXV“</span> <span class='ocrx_word' id='word_1_31' title='bbox 1364 651 1542 692; x_wconf 82' lang='lat' dir='ltr'>intezett</span> <span class='ocrx_word' id='word_1_32' title='bbox 1561 651 1774 692; x_wconf 78' lang='lat' dir='ltr'>levelebol</span> <span class='ocrx_word' id='word_1_33' title='bbox 1789 650 1816 705; x_wconf 78' lang='lat' dir='ltr'>z)</span> 
     </span>
    </p>

    <p class='ocr_par' dir='ltr' id='par_1_4' title="bbox 326 717 1815 1415">
     <span class='ocr_line' id='line_1_9' title="bbox 452 717 1814 774; baseline 0.002 -14"><span class='ocrx_word' id='word_1_34' title='bbox 452 719 517 770; x_wconf 86' lang='lat' dir='ltr'>„Is</span> <span class='ocrx_word' id='word_1_35' title='bbox 550 717 779 773; x_wconf 82' lang='lat' dir='ltr'>(Georgius</span> <span class='ocrx_word' id='word_1_36' title='bbox 812 717 976 774; x_wconf 84' lang='lat' dir='ltr'>Logus)</span> <span class='ocrx_word' id='word_1_37' title='bbox 1014 720 1139 762; x_wconf 91' lang='lat' dir='ltr'>nobis</span> <span class='ocrx_word' id='word_1_38' title='bbox 1173 722 1359 762; x_wconf 88' lang='lat' dir='ltr'>narravit</span> <span class='ocrx_word' id='word_1_39' title='bbox 1393 734 1440 762; x_wconf 88' lang='lat' dir='ltr'>se</span> <span class='ocrx_word' id='word_1_40' title='bbox 1473 722 1698 763; x_wconf 83' lang='lat' dir='ltr'>triennium</span> <span class='ocrx_word' id='word_1_41' title='bbox 1731 722 1814 763; x_wconf 89' lang='lat' dir='ltr'>iam</span> 
     </span>
     <span class='ocr_line' id='line_1_10' title="bbox 327 790 1815 845; baseline 0.002 -14"><span class='ocrx_word' id='word_1_42' title='bbox 327 790 369 831; x_wconf 91' lang='lat' dir='ltr'>in</span> <span class='ocrx_word' id='word_1_43' title='bbox 402 791 553 832; x_wconf 91' lang='lat' dir='ltr'>Italiae</span> <span class='ocrx_word' id='word_1_44' title='bbox 586 791 822 845; x_wconf 70' lang='lat' dir='ltr'>gymnasiis</span> <span class='ocrx_word' id='word_1_45' title='bbox 855 791 988 832; x_wconf 89' lang='lat' dir='ltr'>literis</span> <span class='ocrx_word' id='word_1_46' title='bbox 1015 805 1187 845; x_wconf 78' lang='lat' dir='ltr'>operam</span> <span class='ocrx_word' id='word_1_47' title='bbox 1216 791 1404 843; x_wconf 87' lang='lat' dir='ltr'>dedisse,</span> <span class='ocrx_word' id='word_1_48' title='bbox 1439 792 1629 834; x_wconf 88' lang='lat' dir='ltr'>adiutum</span> <span class='ocrx_word' id='word_1_49' title='bbox 1662 793 1815 835; x_wconf 90' lang='lat' dir='ltr'>libera-</span> 
     </span>
     <span class='ocr_line' id='line_1_11' title="bbox 326 861 1813 916; baseline 0.002 -14"><span class='ocrx_word' id='word_1_50' title='bbox 326 862 446 903; x_wconf 81' lang='lat' dir='ltr'>litate</span> <span class='ocrx_word' id='word_1_51' title='bbox 492 868 533 903; x_wconf 91' lang='lat' dir='ltr'>et</span> <span class='ocrx_word' id='word_1_52' title='bbox 578 861 869 903; x_wconf 80' lang='lat' dir='ltr'>munificentia</span> <span class='ocrx_word' id='word_1_53' title='bbox 915 861 1173 904; x_wconf 81' lang='lat' dir='ltr'>Serenitatis</span> <span class='ocrx_word' id='word_1_54' title='bbox 1218 863 1351 915; x_wconf 88' lang='lat' dir='ltr'>Tuae,</span> <span class='ocrx_word' id='word_1_55' title='bbox 1400 877 1509 916; x_wconf 85' lang='lat' dir='ltr'>quae</span> <span class='ocrx_word' id='word_1_56' title='bbox 1555 864 1594 905; x_wconf 92' lang='lat' dir='ltr'>ei</span> <span class='ocrx_word' id='word_1_57' title='bbox 1627 877 1813 905; x_wconf 88' lang='lat' dir='ltr'>annuum</span> 
     </span>
     <span class='ocr_line' id='line_1_12' title="bbox 327 932 1813 988; baseline 0.001 -14"><span class='ocrx_word' id='word_1_58' title='bbox 327 933 563 975; x_wconf 82' lang='lat' dir='ltr'>subsidium</span> <span class='ocrx_word' id='word_1_59' title='bbox 609 932 887 974; x_wconf 80' lang='lat' dir='ltr'>ducentorum</span> <span class='ocrx_word' id='word_1_60' title='bbox 935 946 1160 974; x_wconf 89' lang='lat' dir='ltr'>auerorum</span> <span class='ocrx_word' id='word_1_61' title='bbox 1196 933 1503 986; x_wconf 78' lang='lat' dir='ltr'>constituisset,</span> <span class='ocrx_word' id='word_1_62' title='bbox 1550 934 1813 988; x_wconf 85' lang='lat' dir='ltr'>gratissimo-</span> 
     </span>
     <span class='ocr_line' id='line_1_13' title="bbox 327 1004 1813 1060; baseline 0.001 -15"><span class='ocrx_word' id='word_1_63' title='bbox 327 1018 408 1057; x_wconf 90' lang='lat' dir='ltr'>que</span> <span class='ocrx_word' id='word_1_64' title='bbox 453 1006 593 1045; x_wconf 90' lang='lat' dir='ltr'>animo</span> <span class='ocrx_word' id='word_1_65' title='bbox 627 1017 725 1046; x_wconf 90' lang='lat' dir='ltr'>sese</span> <span class='ocrx_word' id='word_1_66' title='bbox 760 1017 867 1058; x_wconf 90' lang='lat' dir='ltr'>opus</span> <span class='ocrx_word' id='word_1_67' title='bbox 913 1004 1047 1045; x_wconf 88' lang='lat' dir='ltr'>Tuum</span> <span class='ocrx_word' id='word_1_68' title='bbox 1085 1011 1127 1045; x_wconf 89' lang='lat' dir='ltr'>et</span> <span class='ocrx_word' id='word_1_69' title='bbox 1160 1005 1238 1046; x_wconf 87' lang='lat' dir='ltr'>abs</span> <span class='ocrx_word' id='word_1_70' title='bbox 1271 1011 1313 1046; x_wconf 84' lang='lat' dir='ltr'>te</span> <span class='ocrx_word' id='word_1_71' title='bbox 1346 1004 1507 1046; x_wconf 80' lang='lat' dir='ltr'>factum</span> <span class='ocrx_word' id='word_1_72' title='bbox 1550 1019 1647 1047; x_wconf 90' lang='lat' dir='ltr'>esse</span> <span class='ocrx_word' id='word_1_73' title='bbox 1688 1019 1813 1060; x_wconf 89' lang='lat' dir='ltr'>prae-</span> 
     </span>
     <span class='ocr_line' id='line_1_14' title="bbox 327 1075 1814 1130; baseline 0.001 -13"><span class='ocrx_word' id='word_1_74' title='bbox 327 1076 495 1117; x_wconf 82' lang='lat' dir='ltr'>dicavit.</span> <span class='ocrx_word' id='word_1_75' title='bbox 530 1075 654 1125; x_wconf 81' lang='lat' dir='ltr'>Quod</span> <span class='ocrx_word' id='word_1_76' title='bbox 681 1075 805 1117; x_wconf 86' lang='lat' dir='ltr'>nobis</span> <span class='ocrx_word' id='word_1_77' title='bbox 839 1075 892 1116; x_wconf 92' lang='lat' dir='ltr'>de</span> <span class='ocrx_word' id='word_1_78' title='bbox 926 1075 1020 1116; x_wconf 90' lang='lat' dir='ltr'>Tua</span> <span class='ocrx_word' id='word_1_79' title='bbox 1057 1075 1299 1117; x_wconf 83' lang='lat' dir='ltr'>Serenitate</span> <span class='ocrx_word' id='word_1_80' title='bbox 1323 1089 1494 1130; x_wconf 88' lang='lat' dir='ltr'>semper</span> <span class='ocrx_word' id='word_1_81' title='bbox 1526 1076 1685 1130; x_wconf 91' lang='lat' dir='ltr'>optime</span> <span class='ocrx_word' id='word_1_82' title='bbox 1718 1090 1814 1118; x_wconf 86' lang='lat' dir='ltr'>sen-</span> 
     </span>
     <span class='ocr_line' id='line_1_15' title="bbox 326 1146 1813 1201; baseline 0.001 -13"><span class='ocrx_word' id='word_1_83' title='bbox 326 1147 530 1189; x_wconf 89' lang='lat' dir='ltr'>tientibus</span> <span class='ocrx_word' id='word_1_84' title='bbox 576 1146 692 1188; x_wconf 81' lang='lat' dir='ltr'>auxit</span> <span class='ocrx_word' id='word_1_85' title='bbox 737 1146 864 1188; x_wconf 91' lang='lat' dir='ltr'>etiam</span> <span class='ocrx_word' id='word_1_86' title='bbox 911 1147 1153 1201; x_wconf 87' lang='lat' dir='ltr'>opinionem</span> <span class='ocrx_word' id='word_1_87' title='bbox 1199 1147 1480 1201; x_wconf 80' lang='lat' dir='ltr'>benignitatis</span> <span class='ocrx_word' id='word_1_88' title='bbox 1526 1148 1665 1199; x_wconf 88' lang='lat' dir='ltr'>Tuae,</span> <span class='ocrx_word' id='word_1_89' title='bbox 1718 1161 1813 1190; x_wconf 85' lang='lat' dir='ltr'>eum</span> 
     </span>
     <span class='ocr_line' id='line_1_16' title="bbox 326 1217 1815 1272; baseline 0.001 -13"><span class='ocrx_word' id='word_1_90' title='bbox 326 1218 568 1260; x_wconf 85' lang='lat' dir='ltr'>videremus</span> <span class='ocrx_word' id='word_1_91' title='bbox 612 1218 675 1260; x_wconf 88' lang='lat' dir='ltr'>Te</span> <span class='ocrx_word' id='word_1_92' title='bbox 706 1217 750 1259; x_wconf 91' lang='lat' dir='ltr'>id</span> <span class='ocrx_word' id='word_1_93' title='bbox 785 1218 899 1271; x_wconf 91' lang='lat' dir='ltr'>quod</span> <span class='ocrx_word' id='word_1_94' title='bbox 943 1219 1123 1260; x_wconf 77' lang='lat' dir='ltr'>maxime</span> <span class='ocrx_word' id='word_1_95' title='bbox 1164 1224 1230 1260; x_wconf 89' lang='lat' dir='ltr'>est</span> <span class='ocrx_word' id='word_1_96' title='bbox 1262 1219 1437 1272; x_wconf 80' lang='lat' dir='ltr'>regium,</span> <span class='ocrx_word' id='word_1_97' title='bbox 1486 1218 1538 1260; x_wconf 92' lang='lat' dir='ltr'>de</span> <span class='ocrx_word' id='word_1_98' title='bbox 1572 1219 1815 1261; x_wconf 86' lang='lat' dir='ltr'>animandis</span> 
     </span>
     <span class='ocr_line' id='line_1_17' title="bbox 326 1289 1811 1343; baseline 0.001 -12"><span class='ocrx_word' id='word_1_99' title='bbox 326 1289 382 1331; x_wconf 90' lang='lat' dir='ltr'>ad</span> <span class='ocrx_word' id='word_1_100' title='bbox 414 1290 596 1343; x_wconf 88' lang='lat' dir='ltr'>optimas</span> <span class='ocrx_word' id='word_1_101' title='bbox 641 1296 757 1331; x_wconf 91' lang='lat' dir='ltr'>artes</span> <span class='ocrx_word' id='word_1_102' title='bbox 790 1290 857 1331; x_wconf 91' lang='lat' dir='ltr'>his</span> <span class='ocrx_word' id='word_1_103' title='bbox 892 1290 964 1342; x_wconf 91' lang='lat' dir='ltr'>qui</span> <span class='ocrx_word' id='word_1_104' title='bbox 995 1290 1038 1330; x_wconf 94' lang='lat' dir='ltr'>in</span> <span class='ocrx_word' id='word_1_105' title='bbox 1071 1302 1205 1343; x_wconf 82' lang='lat' dir='ltr'>regno</span> <span class='ocrx_word' id='word_1_106' title='bbox 1252 1290 1344 1331; x_wconf 91' lang='lat' dir='ltr'>Tuo</span> <span class='ocrx_word' id='word_1_107' title='bbox 1377 1289 1468 1330; x_wconf 89' lang='lat' dir='ltr'>nati</span> <span class='ocrx_word' id='word_1_108' title='bbox 1507 1297 1604 1331; x_wconf 90' lang='lat' dir='ltr'>sunt</span> <span class='ocrx_word' id='word_1_109' title='bbox 1638 1297 1679 1331; x_wconf 85' lang='lat' dir='ltr'>et</span> <span class='ocrx_word' id='word_1_110' title='bbox 1712 1304 1811 1332; x_wconf 84' lang='lat' dir='ltr'>cura</span> 
     </span>
     <span class='ocr_line' id='line_1_18' title="bbox 327 1360 838 1415; baseline -0.002 -13"><span class='ocrx_word' id='word_1_111' title='bbox 327 1368 368 1402; x_wconf 91' lang='lat' dir='ltr'>et</span> <span class='ocrx_word' id='word_1_112' title='bbox 400 1367 570 1415; x_wconf 86' lang='lat' dir='ltr'>sumpta</span> <span class='ocrx_word' id='word_1_113' title='bbox 604 1360 838 1402; x_wconf 90' lang='lat' dir='ltr'>elaborare.</span> 
     </span>
    </p>
   </div>
   <div class='ocr_carea' id='block_1_4' title="bbox 965 1466 1175 1474">
    <p class='ocr_par' dir='ltr' id='par_1_5' title="bbox 965 1466 1175 1474">
     <span class='ocr_line' id='line_1_19' title="bbox 965 1466 1175 1474; baseline 0 1804"><span class='ocrx_word' id='word_1_114' title='bbox 965 1466 1175 1474; x_wconf 95' lang='lat' dir='ltr'> </span> 
     </span>
    </p>
   </div>
   <div class='ocr_carea' id='block_1_5' title="bbox 328 1570 1814 1749">
    <p class='ocr_par' dir='ltr' id='par_1_6' title="bbox 328 1570 1814 1749">
     <span class='ocr_line' id='line_1_20' title="bbox 328 1570 1814 1618; baseline 0 -10"><span class='ocrx_word' id='word_1_115' title='bbox 328 1570 672 1618; x_wconf 80' lang='lat' dir='ltr'>Angustissimo</span> <span class='ocrx_word' id='word_1_116' title='bbox 690 1570 914 1613; x_wconf 76' lang='lat' dir='ltr'>Praesufi,</span> <span class='ocrx_word' id='word_1_117' title='bbox 933 1570 1128 1606; x_wconf 83' lang='lat' dir='ltr'>Domino</span> <span class='ocrx_word' id='word_1_118' title='bbox 1147 1570 1342 1606; x_wconf 85' lang='lat' dir='ltr'>Domino</span> <span class='ocrx_word' id='word_1_119' title='bbox 1363 1570 1561 1617; x_wconf 82' lang='lat' dir='ltr'>Georgio</span> <span class='ocrx_word' id='word_1_120' title='bbox 1580 1570 1814 1618; x_wconf 73' lang='lat' dir='ltr'>Episcopo</span> 
     </span>
     <span class='ocr_line' id='line_1_21' title="bbox 328 1635 1812 1685; baseline -0.001 -12"><span class='ocrx_word' id='word_1_121' title='bbox 328 1637 538 1685; x_wconf 77' lang='lat' dir='ltr'>Quinque</span> <span class='ocrx_word' id='word_1_122' title='bbox 558 1635 847 1673; x_wconf 77' lang='lat' dir='ltr'>Ecclesiensi</span> <span class='ocrx_word' id='word_1_123' title='bbox 866 1646 1134 1684; x_wconf 85' lang='lat' dir='ltr'>summoque</span> <span class='ocrx_word' id='word_1_124' title='bbox 1160 1635 1449 1672; x_wconf 81' lang='lat' dir='ltr'>Cancellario</span> <span class='ocrx_word' id='word_1_125' title='bbox 1464 1635 1515 1671; x_wconf 84' lang='lat' dir='ltr'>R.</span> <span class='ocrx_word' id='word_1_126' title='bbox 1536 1635 1591 1672; x_wconf 88' lang='grc' dir='ltr'>Η.</span> <span class='ocrx_word' id='word_1_127' title='bbox 1611 1635 1812 1672; x_wconf 80' lang='lat' dir='ltr'>Sebasti-</span> 
     </span>
     <span class='ocr_line' id='line_1_22' title="bbox 587 1701 1557 1749; baseline -0.001 -10"><span class='ocrx_word' id='word_1_128' title='bbox 587 1713 700 1739; x_wconf 86' lang='lat' dir='ltr'>anus</span> <span class='ocrx_word' id='word_1_129' title='bbox 725 1702 906 1749; x_wconf 84' lang='lat' dir='ltr'>Magius</span> <span class='ocrx_word' id='word_1_130' title='bbox 931 1702 1197 1738; x_wconf 84' lang='lat' dir='ltr'>Pannom&#39;us</span> <span class='ocrx_word' id='word_1_131' title='bbox 1223 1701 1557 1738; x_wconf 62' lang='grc'>1611611316111112</span> 
     </span>
    </p>
   </div>
   <div class='ocr_carea' id='block_1_6' title="bbox 319 1812 1809 2436">
    <p class='ocr_par' dir='ltr' id='par_1_7' title="bbox 319 1812 1809 2436">
     <span class='ocr_line' id='line_1_23' title="bbox 445 1812 1809 1858; baseline 0.001 -4"><span class='ocrx_word' id='word_1_132' title='bbox 445 1813 489 1855; x_wconf 87' lang='lat' dir='ltr'>C.</span> <span class='ocrx_word' id='word_1_133' title='bbox 513 1813 676 1854; x_wconf 90' lang='lat' dir='ltr'>Plinius</span> <span class='ocrx_word' id='word_1_134' title='bbox 698 1813 770 1854; x_wconf 85' lang='lat' dir='ltr'>ille</span> <span class='ocrx_word' id='word_1_135' title='bbox 794 1812 1084 1854; x_wconf 90' lang='lat' dir='ltr'>nobilissimus</span> <span class='ocrx_word' id='word_1_136' title='bbox 1109 1813 1312 1854; x_wconf 85' lang='lat' dir='ltr'>historiae</span> <span class='ocrx_word' id='word_1_137' title='bbox 1334 1813 1577 1854; x_wconf 89' lang='lat' dir='ltr'>mundanae</span> <span class='ocrx_word' id='word_1_138' title='bbox 1602 1813 1809 1858; x_wconf 82' lang='lat' dir='ltr'>conditor.</span> 
     </span>
     <span class='ocr_line' id='line_1_24' title="bbox 323 1884 1809 1940; baseline -0.001 -13"><span class='ocrx_word' id='word_1_139' title='bbox 323 1892 563 1940; x_wconf 82' lang='lat' dir='ltr'>togatorum</span> <span class='ocrx_word' id='word_1_140' title='bbox 598 1884 780 1926; x_wconf 90' lang='lat' dir='ltr'>omnium</span> <span class='ocrx_word' id='word_1_141' title='bbox 804 1891 902 1939; x_wconf 91' lang='lat' dir='ltr'>post</span> <span class='ocrx_word' id='word_1_142' title='bbox 934 1884 987 1926; x_wconf 91' lang='lat' dir='ltr'>M.</span> <span class='ocrx_word' id='word_1_143' title='bbox 1018 1884 1266 1926; x_wconf 81' lang='lat' dir='ltr'>Ciceronem</span> <span class='ocrx_word' id='word_1_144' title='bbox 1289 1884 1418 1925; x_wconf 75' lang='lat' dir='ltr'>facile</span> <span class='ocrx_word' id='word_1_145' title='bbox 1440 1884 1654 1939; x_wconf 84' lang='lat' dir='ltr'>princeps,</span> <span class='ocrx_word' id='word_1_146' title='bbox 1688 1885 1809 1926; x_wconf 87' lang='lat' dir='ltr'>Deus</span> 
     </span>
     <span class='ocr_line' id='line_1_25' title="bbox 324 1955 1808 2009; baseline -0.002 -10"><span class='ocrx_word' id='word_1_147' title='bbox 324 1964 402 2009; x_wconf 91' lang='lat' dir='ltr'>est,</span> <span class='ocrx_word' id='word_1_148' title='bbox 435 1957 584 2009; x_wconf 87' lang='lat' dir='ltr'>inquit,</span> <span class='ocrx_word' id='word_1_149' title='bbox 618 1956 785 1997; x_wconf 83' lang='lat' dir='ltr'>mortali</span> <span class='ocrx_word' id='word_1_150' title='bbox 813 1955 966 2009; x_wconf 79' lang='lat' dir='ltr'>juvare</span> <span class='ocrx_word' id='word_1_151' title='bbox 999 1956 1236 2005; x_wconf 86' lang='lat' dir='ltr'>mortalem,</span> <span class='ocrx_word' id='word_1_152' title='bbox 1282 1962 1324 1996; x_wconf 90' lang='lat' dir='ltr'>et</span> <span class='ocrx_word' id='word_1_153' title='bbox 1356 1955 1466 1996; x_wconf 82' lang='lat' dir='ltr'>haee</span> <span class='ocrx_word' id='word_1_154' title='bbox 1499 1955 1553 1996; x_wconf 90' lang='lat' dir='ltr'>ad</span> <span class='ocrx_word' id='word_1_155' title='bbox 1587 1962 1808 1997; x_wconf 85' lang='lat' dir='ltr'>aeternam</span> 
     </span>
     <span class='ocr_line' id='line_1_26' title="bbox 322 2026 1807 2082; baseline -0.001 -13"><span class='ocrx_word' id='word_1_156' title='bbox 322 2028 500 2082; x_wconf 78' lang='lat' dir='ltr'>gloriam</span> <span class='ocrx_word' id='word_1_157' title='bbox 544 2028 625 2069; x_wconf 81' lang='lat' dir='ltr'>via.</span> <span class='ocrx_word' id='word_1_158' title='bbox 678 2027 806 2068; x_wconf 86' lang='lat' dir='ltr'>Cuius</span> <span class='ocrx_word' id='word_1_159' title='bbox 840 2027 1111 2078; x_wconf 71' lang='lat' dir='ltr'>sententiam,</span> <span class='ocrx_word' id='word_1_160' title='bbox 1158 2027 1469 2080; x_wconf 86' lang='lat' dir='ltr'>verborumque</span> <span class='ocrx_word' id='word_1_161' title='bbox 1508 2026 1677 2080; x_wconf 90' lang='lat' dir='ltr'>pondus</span> <span class='ocrx_word' id='word_1_162' title='bbox 1713 2040 1807 2069; x_wconf 84' lang='lat' dir='ltr'>cum</span> 
     </span>
     <span class='ocr_line' id='line_1_27' title="bbox 321 2097 1806 2157; baseline -0.002 -16"><span class='ocrx_word' id='word_1_163' title='bbox 321 2113 457 2153; x_wconf 90' lang='lat' dir='ltr'>nuper</span> <span class='ocrx_word' id='word_1_164' title='bbox 489 2111 654 2140; x_wconf 82' lang='lat' dir='ltr'>meeum</span> <span class='ocrx_word' id='word_1_165' title='bbox 699 2099 827 2152; x_wconf 91' lang='lat' dir='ltr'>paulo</span> <span class='ocrx_word' id='word_1_166' title='bbox 873 2098 1080 2140; x_wconf 83' lang='lat' dir='ltr'>curiosius</span> <span class='ocrx_word' id='word_1_167' title='bbox 1114 2098 1416 2157; x_wconf 83' lang='lat' dir='ltr'>examinarem,</span> <span class='ocrx_word' id='word_1_168' title='bbox 1464 2097 1635 2139; x_wconf 87' lang='lat' dir='ltr'>subibat</span> <span class='ocrx_word' id='word_1_169' title='bbox 1666 2111 1806 2139; x_wconf 85' lang='lat' dir='ltr'>recor-</span> 
     </span>
     <span class='ocr_line' id='line_1_28' title="bbox 321 2168 1807 2223; baseline -0.001 -12"><span class='ocrx_word' id='word_1_170' title='bbox 321 2170 437 2211; x_wconf 88' lang='lat' dir='ltr'>datio</span> <span class='ocrx_word' id='word_1_171' title='bbox 460 2177 559 2211; x_wconf 92' lang='lat' dir='ltr'>tuae</span> <span class='ocrx_word' id='word_1_172' title='bbox 582 2170 694 2211; x_wconf 89' lang='lat' dir='ltr'>illius</span> <span class='ocrx_word' id='word_1_173' title='bbox 716 2170 952 2211; x_wconf 88' lang='lat' dir='ltr'>immensae</span> <span class='ocrx_word' id='word_1_174' title='bbox 976 2183 1027 2211; x_wconf 86' lang='lat' dir='ltr'>ac</span> <span class='ocrx_word' id='word_1_175' title='bbox 1049 2170 1165 2211; x_wconf 91' lang='lat' dir='ltr'>nullo</span> <span class='ocrx_word' id='word_1_176' title='bbox 1196 2177 1386 2223; x_wconf 91' lang='lat' dir='ltr'>tempore</span> <span class='ocrx_word' id='word_1_177' title='bbox 1421 2183 1474 2210; x_wconf 73' lang='lat' dir='ltr'>ex</span> <span class='ocrx_word' id='word_1_178' title='bbox 1497 2168 1637 2209; x_wconf 91' lang='lat' dir='ltr'>animo</span> <span class='ocrx_word' id='word_1_179' title='bbox 1660 2175 1807 2210; x_wconf 88' lang='lat' dir='ltr'>nostro</span> 
     </span>
     <span class='ocr_line' id='line_1_29' title="bbox 319 2240 1807 2290; baseline -0.001 -8"><span class='ocrx_word' id='word_1_180' title='bbox 319 2241 504 2282; x_wconf 87' lang='lat' dir='ltr'>labentis</span> <span class='ocrx_word' id='word_1_181' title='bbox 550 2241 876 2282; x_wconf 80' lang='lat' dir='ltr'>beneficentiae.</span> <span class='ocrx_word' id='word_1_182' title='bbox 926 2240 1063 2290; x_wconf 85' lang='lat' dir='ltr'>Quam</span> <span class='ocrx_word' id='word_1_183' title='bbox 1097 2241 1312 2282; x_wconf 79' lang='lat' dir='ltr'>mehercle</span> <span class='ocrx_word' id='word_1_184' title='bbox 1358 2246 1520 2281; x_wconf 87' lang='lat' dir='ltr'>tantam</span> <span class='ocrx_word' id='word_1_185' title='bbox 1552 2240 1595 2280; x_wconf 92' lang='lat' dir='ltr'>in</span> <span class='ocrx_word' id='word_1_186' title='bbox 1635 2253 1702 2280; x_wconf 91' lang='lat' dir='ltr'>me</span> <span class='ocrx_word' id='word_1_187' title='bbox 1736 2253 1807 2281; x_wconf 77' lang='lat' dir='ltr'>ex-</span> 
     </span>
     <span class='ocr_line' id='line_1_30' title="bbox 319 2311 1807 2366; baseline -0.001 -13"><span class='ocrx_word' id='word_1_188' title='bbox 319 2319 465 2366; x_wconf 90' lang='lat' dir='ltr'>pertus</span> <span class='ocrx_word' id='word_1_189' title='bbox 499 2325 590 2353; x_wconf 89' lang='lat' dir='ltr'>sum</span> <span class='ocrx_word' id='word_1_190' title='bbox 623 2318 666 2354; x_wconf 91' lang='lat' dir='ltr'>et</span> <span class='ocrx_word' id='word_1_191' title='bbox 688 2311 844 2354; x_wconf 77' lang='lat' dir='ltr'>cotidie</span> <span class='ocrx_word' id='word_1_192' title='bbox 876 2313 1013 2365; x_wconf 84' lang='lat' dir='ltr'>magis</span> <span class='ocrx_word' id='word_1_193' title='bbox 1038 2313 1245 2366; x_wconf 79' lang='lat' dir='ltr'>experior,</span> <span class='ocrx_word' id='word_1_194' title='bbox 1281 2319 1483 2364; x_wconf 85' lang='lat' dir='ltr'>quantam</span> <span class='ocrx_word' id='word_1_195' title='bbox 1508 2311 1634 2352; x_wconf 86' lang='lat' dir='ltr'>etiam</span> <span class='ocrx_word' id='word_1_196' title='bbox 1659 2316 1807 2364; x_wconf 89' lang='lat' dir='ltr'>petere</span> 
     </span>
     <span class='ocr_line' id='line_1_31' title="bbox 319 2381 1804 2436; baseline -0.001 -12"><span class='ocrx_word' id='word_1_197' title='bbox 319 2389 417 2424; x_wconf 82' lang='lat' dir='ltr'>voto</span> <span class='ocrx_word' id='word_1_198' title='bbox 435 2382 705 2425; x_wconf 75' lang='lat' dir='ltr'>immodicum</span> <span class='ocrx_word' id='word_1_199' title='bbox 722 2390 851 2426; x_wconf 89' lang='lat' dir='ltr'>esset.</span> <span class='ocrx_word' id='word_1_200' title='bbox 871 2383 1021 2436; x_wconf 89' lang='lat' dir='ltr'>Itaque</span> <span class='ocrx_word' id='word_1_201' title='bbox 1041 2383 1135 2424; x_wconf 91' lang='lat' dir='ltr'>dies</span> <span class='ocrx_word' id='word_1_202' title='bbox 1152 2390 1387 2435; x_wconf 82' lang='lat' dir='ltr'>noctesque</span> <span class='ocrx_word' id='word_1_203' title='bbox 1405 2382 1631 2424; x_wconf 86' lang='lat' dir='ltr'>volvebam</span> <span class='ocrx_word' id='word_1_204' title='bbox 1649 2381 1804 2423; x_wconf 88' lang='lat' dir='ltr'>animo.</span> 
     </span>
    </p>
   </div>
   <div class='ocr_carea' id='block_1_7' title="bbox 314 2532 1804 2993">
    <p class='ocr_par' dir='ltr' id='par_1_8' title="bbox 314 2532 1804 2936">
     <span class='ocr_line' id='line_1_32' title="bbox 438 2532 1804 2580; baseline -0.001 -11"><span class='ocrx_word' id='word_1_205' title='bbox 438 2535 447 2554; x_wconf 81' lang='lat'>¹</span> <span class='ocrx_word' id='word_1_206' title='bbox 475 2536 508 2569; x_wconf 92' lang='lat' dir='ltr'>A</span> <span class='ocrx_word' id='word_1_207' title='bbox 527 2535 652 2579; x_wconf 76' lang='lat' dir='ltr'>konyv</span> <span class='ocrx_word' id='word_1_208' title='bbox 670 2533 804 2580; x_wconf 78' lang='lat' dir='ltr'>vegen:</span> <span class='ocrx_word' id='word_1_209' title='bbox 828 2535 1010 2575; x_wconf 79' lang='lat' dir='ltr'>„Viennae</span> <span class='ocrx_word' id='word_1_210' title='bbox 1027 2534 1238 2569; x_wconf 88' lang='lat' dir='ltr'>Pannoniae</span> <span class='ocrx_word' id='word_1_211' title='bbox 1258 2534 1487 2568; x_wconf 84' lang='lat' dir='ltr'>Hieronimus</span> <span class='ocrx_word' id='word_1_212' title='bbox 1505 2533 1631 2568; x_wconf 82' lang='lat' dir='ltr'>Vietor</span> <span class='ocrx_word' id='word_1_213' title='bbox 1652 2532 1804 2568; x_wconf 75' lang='lat' dir='ltr'>Silesius</span> 
     </span>
     <span class='ocr_line' id='line_1_33' title="bbox 317 2591 1804 2637; baseline -0.003 -8"><span class='ocrx_word' id='word_1_214' title='bbox 317 2595 530 2629; x_wconf 71' lang='lat' dir='ltr'>excudebat.</span> <span class='ocrx_word' id='word_1_215' title='bbox 558 2594 681 2628; x_wconf 89' lang='lat' dir='ltr'>Mense</span> <span class='ocrx_word' id='word_1_216' title='bbox 707 2595 801 2629; x_wconf 89' lang='lat' dir='ltr'>Maio</span> <span class='ocrx_word' id='word_1_217' title='bbox 828 2595 871 2628; x_wconf 93' lang='lat' dir='ltr'>M.</span> <span class='ocrx_word' id='word_1_218' title='bbox 889 2595 931 2628; x_wconf 90' lang='lat' dir='ltr'>D.</span> <span class='ocrx_word' id='word_1_219' title='bbox 947 2593 1097 2628; x_wconf 85' lang='lat' dir='ltr'>XXIX.“</span> <span class='ocrx_word' id='word_1_220' title='bbox 1127 2593 1308 2637; x_wconf 80' lang='lat' dir='ltr'>Egyetlen</span> <span class='ocrx_word' id='word_1_221' title='bbox 1326 2591 1510 2636; x_wconf 79' lang='lat' dir='ltr'>peldanya</span> <span class='ocrx_word' id='word_1_222' title='bbox 1536 2592 1649 2627; x_wconf 82' lang='lat' dir='ltr'>Denis</span> <span class='ocrx_word' id='word_1_223' title='bbox 1669 2592 1804 2626; x_wconf 83' lang='lat' dir='ltr'>szerint</span> 
     </span>
     <span class='ocr_line' id='line_1_34' title="bbox 316 2651 1801 2698; baseline -0.003 -10"><span class='ocrx_word' id='word_1_224' title='bbox 316 2655 417 2690; x_wconf 75' lang='lat' dir='ltr'><em>(WB.</em></span> <span class='ocrx_word' id='word_1_225' title='bbox 445 2665 479 2698; x_wconf 88' lang='lat' dir='ltr'>p.</span> <span class='ocrx_word' id='word_1_226' title='bbox 508 2655 599 2697; x_wconf 73' lang='lat'>⁴286.)</span> <span class='ocrx_word' id='word_1_227' title='bbox 639 2654 829 2698; x_wconf 79' lang='lat' dir='ltr'>Pragaban</span> <span class='ocrx_word' id='word_1_228' title='bbox 869 2664 889 2688; x_wconf 89' lang='lat' dir='ltr'>a</span> <span class='ocrx_word' id='word_1_229' title='bbox 914 2653 1001 2698; x_wconf 82' lang='lat' dir='ltr'>gros</span> <span class='ocrx_word' id='word_1_230' title='bbox 1035 2651 1254 2687; x_wconf 80' lang='lat' dir='ltr'>Nostiz—fele</span> <span class='ocrx_word' id='word_1_231' title='bbox 1292 2651 1505 2686; x_wconf 68' lang='lat' dir='ltr'>maioratusi</span> <span class='ocrx_word' id='word_1_232' title='bbox 1536 2651 1801 2695; x_wconf 49' lang='lat' dir='ltr'>konssvtarban.</span> 
     </span>
     <span class='ocr_line' id='line_1_35' title="bbox 316 2708 1802 2758; baseline -0.003 -10"><span class='ocrx_word' id='word_1_233' title='bbox 316 2715 438 2754; x_wconf 71' lang='lat' dir='ltr'>Logus</span> <span class='ocrx_word' id='word_1_234' title='bbox 466 2713 716 2758; x_wconf 80' lang='lat' dir='ltr'>epigrammjai</span> <span class='ocrx_word' id='word_1_235' title='bbox 742 2713 871 2747; x_wconf 78' lang='lat' dir='ltr'>ko&#39;zott</span> <span class='ocrx_word' id='word_1_236' title='bbox 895 2714 985 2747; x_wconf 85' lang='lat' dir='ltr'>to‘bb</span> <span class='ocrx_word' id='word_1_237' title='bbox 1004 2722 1155 2757; x_wconf 84' lang='lat' dir='ltr'>magyar</span> <span class='ocrx_word' id='word_1_238' title='bbox 1174 2711 1365 2746; x_wconf 81' lang='lat' dir='ltr'>emberhez</span> <span class='ocrx_word' id='word_1_239' title='bbox 1384 2721 1455 2744; x_wconf 89' lang='lat' dir='ltr'>van</span> <span class='ocrx_word' id='word_1_240' title='bbox 1473 2708 1627 2750; x_wconf 81' lang='lat' dir='ltr'>intezve,</span> <span class='ocrx_word' id='word_1_241' title='bbox 1655 2709 1802 2754; x_wconf 86' lang='lat' dir='ltr'>ilyenek</span> 
     </span>
     <span class='ocr_line' id='line_1_36' title="bbox 316 2768 1802 2814; baseline -0.003 -7"><span class='ocrx_word' id='word_1_242' title='bbox 316 2774 344 2807; x_wconf 82' lang='grc' dir='ltr'>Ν</span> <span class='ocrx_word' id='word_1_243' title='bbox 349 2773 476 2808; x_wconf 79' lang='lat' dir='ltr'>adasdi</span> <span class='ocrx_word' id='word_1_244' title='bbox 503 2773 647 2814; x_wconf 65' lang='lat' dir='ltr'>Tamsts,</span> <span class='ocrx_word' id='word_1_245' title='bbox 674 2772 864 2807; x_wconf 85' lang='lat' dir='ltr'>Broderies</span> <span class='ocrx_word' id='word_1_246' title='bbox 883 2772 1017 2813; x_wconf 78' lang='lat' dir='ltr'>Istvan,</span> <span class='ocrx_word' id='word_1_247' title='bbox 1045 2771 1214 2805; x_wconf 83' lang='lat' dir='ltr'>Zalahazi</span> <span class='ocrx_word' id='word_1_248' title='bbox 1232 2770 1378 2811; x_wconf 66' lang='lat' dir='ltr'>Tamirs,</span> <span class='ocrx_word' id='word_1_249' title='bbox 1397 2768 1541 2803; x_wconf 81' lang='lat' dir='ltr'>Thurzo</span> <span class='ocrx_word' id='word_1_250' title='bbox 1560 2769 1584 2803; x_wconf 83' lang='lat' dir='ltr'>J</span> <span class='ocrx_word' id='word_1_251' title='bbox 1587 2769 1689 2809; x_wconf 76' lang='lat' dir='ltr'>anos,</span> <span class='ocrx_word' id='word_1_252' title='bbox 1710 2768 1802 2803; x_wconf 87' lang='lat' dir='ltr'>Elek</span> 
     </span>
     <span class='ocr_line' id='line_1_37' title="bbox 317 2827 1801 2873; baseline -0.003 -6"><span class='ocrx_word' id='word_1_253' title='bbox 317 2832 356 2867; x_wconf 75' lang='lat' dir='ltr'>es</span> <span class='ocrx_word' id='word_1_254' title='bbox 384 2831 582 2872; x_wconf 77' lang='lat' dir='ltr'>Szaniszld,</span> <span class='ocrx_word' id='word_1_255' title='bbox 608 2831 742 2866; x_wconf 76' lang='lat' dir='ltr'>Vardai</span> <span class='ocrx_word' id='word_1_256' title='bbox 768 2831 843 2873; x_wconf 80' lang='lat' dir='ltr'>Pal,</span> <span class='ocrx_word' id='word_1_257' title='bbox 871 2831 1029 2866; x_wconf 85' lang='lat' dir='ltr'>Gerendi</span> <span class='ocrx_word' id='word_1_258' title='bbox 1054 2829 1196 2871; x_wconf 81' lang='lat' dir='ltr'>Miklos,</span> <span class='ocrx_word' id='word_1_259' title='bbox 1225 2840 1265 2864; x_wconf 84' lang='lat' dir='ltr'>az</span> <span class='ocrx_word' id='word_1_260' title='bbox 1294 2830 1448 2864; x_wconf 85' lang='grc'>6111111611</span> <span class='ocrx_word' id='word_1_261' title='bbox 1474 2828 1642 2863; x_wconf 77' lang='lat' dir='ltr'>Zalahazi</span> <span class='ocrx_word' id='word_1_262' title='bbox 1668 2827 1801 2862; x_wconf 74' lang='lat' dir='ltr'>Tamas</span> 
     </span>
     <span class='ocr_line' id='line_1_38' title="bbox 314 2888 1534 2936; baseline -0.003 -10"><span class='ocrx_word' id='word_1_263' title='bbox 314 2893 391 2936; x_wconf 77' lang='lat' dir='ltr'>egri</span> <span class='ocrx_word' id='word_1_264' title='bbox 417 2892 564 2936; x_wconf 79' lang='lat' dir='ltr'>piisp&#39;ok</span> <span class='ocrx_word' id='word_1_265' title='bbox 589 2891 751 2936; x_wconf 79' lang='lat' dir='ltr'>unokaja</span> <span class='ocrx_word' id='word_1_266' title='bbox 776 2891 931 2925; x_wconf 86' lang='lat' dir='ltr'>Keoheti</span> <span class='ocrx_word' id='word_1_267' title='bbox 956 2890 1106 2930; x_wconf 61' lang='lat' dir='ltr'>Manen,</span> <span class='ocrx_word' id='word_1_268' title='bbox 1134 2889 1332 2923; x_wconf 88' lang='lat' dir='ltr'>Wolfhard</span> <span class='ocrx_word' id='word_1_269' title='bbox 1357 2888 1534 2933; x_wconf 81' lang='lat' dir='ltr'>Adorjan.</span> 
     </span>
    </p>

    <p class='ocr_par' dir='ltr' id='par_1_9' title="bbox 436 2945 1664 2993">
     <span class='ocr_line' id='line_1_39' title="bbox 436 2945 1664 2993; baseline -0.005 -7"><span class='ocrx_word' id='word_1_270' title='bbox 436 2951 447 2969; x_wconf 75' lang='lat'><strong>²</strong></span> <span class='ocrx_word' id='word_1_271' title='bbox 473 2952 590 2986; x_wconf 84' lang='lat' dir='ltr'>Janus</span> <span class='ocrx_word' id='word_1_272' title='bbox 615 2951 825 2985; x_wconf 84' lang='lat' dir='ltr'>Pannonius</span> <span class='ocrx_word' id='word_1_273' title='bbox 853 2949 1024 2989; x_wconf 81' lang='lat' dir='ltr'>1513-iki,</span> <span class='ocrx_word' id='word_1_274' title='bbox 1048 2949 1224 2993; x_wconf 86' lang='lat' dir='ltr'>bolognai</span> <span class='ocrx_word' id='word_1_275' title='bbox 1250 2948 1478 2982; x_wconf 78' lang='lat' dir='ltr'>kiadasanak</span> <span class='ocrx_word' id='word_1_276' title='bbox 1503 2945 1664 2991; x_wconf 78' lang='lat' dir='ltr'>elejero&#39;l.</span> 
     </span>
    </p>
   </div>
  </div>
 </body>
</html>
