1955 3278
79 479 146 513 660

79 835 145 868 665

80 1190 147 1224 670

81 1546 147 1579 675

81 1900 149 1934 680

84 2256 150 2289 685

84 2611 151 2645 690

1494 113 1565 148 267

198 255 305 297 Sunt
336 256 396 297 illi
430 255 594 297 solidae
626 255 802 297 iuvenili
835 268 1011 309 corpore
1045 257 1170 299 vires.

258 326 365 368 Sunt
397 333 439 368 et
471 326 658 376 divitiae,
692 326 873 380 plurima
905 340 1052 380 regna7
1087 327 1233 369 duces.

196 399 428 439 Praeterea
459 404 612 451 regnat
643 397 811 450 magnis
844 397 1033 439 munitus
1067 399 1229 445 amicis,

256 469 505 522 Affinesque
538 474 656 510 tenet
689 467 934 509 conditione
967 482 1108 521 pares,

197 540 278 590 Qui
310 547 531 582 aeternam
564 545 737 581 servant
770 552 921 592 pacem
954 539 1194 593 foedusque
1227 554 1432 594 perenne7

255 611 439 652 Fortiter
471 617 512 652 et
543 610 656 652 fidae
690 616 841 663 pectus
875 610 1100 652 amicitiae.

195 683 247 723 Hi
282 682 362 722 sibi
394 681 608 736 praesidio
641 680 745 722 fient
775 681 1042 723 radiantibus
1076 682 1218 733 armis,

254 753 493 806 Magnificis
527 752 693 806 opibus,
728 753 991 805 consilioque
1025 752 1157 806 gravi.

196 826 273 866 Est
306 824 390 865 dux
424 824 494 877 qui
524 824 774 865 Austriacas
801 829 918 864 recte
940 823 1184 864 moderatur
1206 823 1416 875 habenas7

254 895 424 936 Viribus
456 894 662 943 infractis,
698 908 747 935 ac
781 895 845 935 vis
878 894 933 935 ad
967 908 1084 936 arma
1116 901 1297 948 potens3

198 966 326 1008 Cuius
360 966 413 1007 de
446 966 614 1019 magnis
648 966 787 1006 atavis
820 965 1007 1019 insignia
1041 972 1231 1019 serpunt,

254 1038 309 1078 Et
342 1037 394 1078 de
429 1036 643 1078 Caesareo
678 1037 818 1078 nobile
853 1044 1035 1078 stemma
1066 1037 1202 1078 thoro.

198 1108 333 1159 Quem
354 1121 556 1162 proceres
589 1107 806 1161 trepidant
828 1108 1002 1148 nimium
1027 1109 1228 1161 civesque
1252 1108 1455 1162 proterui⁷

256 1179 394 1221 Urbes
428 1180 631 1232 egregiae
665 1179 861 1231 clamque
895 1179 1124 1233 palamque
1158 1179 1320 1221 timent.

197 1251 307 1292 Nam
341 1257 481 1291 certos
514 1251 670 1291 misera
702 1250 805 1291 fecit
836 1250 920 1291 iam
954 1258 1088 1291 morte
1121 1250 1273 1304 perire,

257 1321 373 1371 Quos
407 1321 530 1363 civile
563 1321 730 1374 nephas
764 1321 928 1363 fecerat
962 1335 1058 1363 esse
1092 1323 1240 1363 malos

198 1393 277 1435 Hic
310 1394 421 1447 potis
457 1400 522 1434 est
555 1393 671 1434 solus
705 1400 870 1447 turpem
906 1393 1160 1434 convincere
1196 1393 1407 1434 Thurcam

258 1464 376 1505 Illius
410 1470 452 1505 et
483 1464 596 1505 vires
630 1463 855 1505 debilitare
891 1465 1009 1505 satis.

198 1535 274 1576 Est
307 1535 434 1576 etiam
468 1535 668 1589 princeps
701 1541 878 1589 patruus
911 1535 1168 1577 fortissimus
1202 1535 1329 1577 heros

259 1605 340 1656 Qui
372 1606 481 1659 regit
513 1607 657 1648 Arctoi
690 1612 862 1661 sceptra
895 1606 1081 1660 superba
1114 1606 1203 1647 soli.

200 1676 281 1727 Qui
315 1690 484 1736 semper
516 1677 672 1731 pugnis
706 1678 856 1718 hostes
891 1678 1109 1731 superavit
1142 1690 1323 1728 amaros,

260 1748 464 1790 Contrivit
496 1749 710 1798 Mosehos,
744 1748 1102 1802 Hippofagosque
1137 1748 1282 1789 Getas.

198 1819 359 1872 lug-iter
391 1826 432 1860 et
467 1819 585 1860 cuius
618 1820 767 1873 rigidis
802 1820 1014 1861 exercitus
1049 1819 1191 1869 armis,

261 1891 315 1932 Ut
347 1891 490 1932 valeat
521 1890 607 1932 fida
640 1891 780 1945 patria
813 1904 919 1944 pace
954 1890 1048 1932 frui.

201 1961 361 2003 Unicus
394 1961 463 2003 hic
496 1962 593 2003 forti
626 1962 836 2013 Thurcas,
871 1962 1102 2014 Asiamque
1134 1961 1403 2015 prophanam

260 2032 505 2086 Sacrilegos
538 2033 693 2086 poterit
727 2040 918 2074 sternere
954 2033 1110 2087 quippe
1143 2046 1283 2074 manu.

200 2104 396 2157 Denique
432 2104 592 2145 Caesar
625 2104 786 2145 amicus
811 2103 950 2155 adest,
984 2104 1212 2157 Regesque
1236 2110 1450 2157 potentes⁷

260 2174 340 2224 Qui
374 2176 484 2216 inter
517 2189 563 2216 se
596 2175 794 2229 placidae
827 2175 1006 2216 foedera
1038 2174 1158 2228 pacis
1191 2175 1364 2216 habent.

201 2246 396 2287 Firmiter
427 2246 471 2286 hi
502 2252 703 2300 poterunt
735 2247 902 2287 hostem
939 2246 1179 2299 propellere
1214 2246 1406 2297 densum,

258 2317 529 2371 Principibus
562 2318 705 2367 tantis,
738 2330 819 2358 nec
852 2317 957 2358 satis
990 2330 1098 2357 unus
1133 2317 1219 2358 erit.

200 2388 451 2430 Pontificum
484 2389 699 2442 princeps,
733 2401 959 2442 regnorum
992 2401 1150 2441 magna
1182 2394 1388 2442 potestas,

260 2459 529 2513 Consurgent
562 2461 734 2514 pariter⁷
770 2459 1152 2511 Christicolumque
1185 2472 1335 2512 genus.

201 2530 393 2572 Illustres
427 2531 599 2583 domini,
634 2531 772 2585 plebis
805 2531 1039 2572 lectissima
1072 2529 1223 2583 pubes,

260 2602 522 2655 Magnanimi
554 2616 694 2656 reges,
728 2602 885 2643 bellica
918 2601 1053 2651 turba,
1088 2601 1234 2642 duces.

202 2673 478 2715 Prosternent
501 2673 712 2715 Thurcam
736 2673 950 2724 miserum,
978 2673 1233 2725 capientque
1254 2671 1469 2725 fugacem,

260 2744 399 2786 Prone
433 2744 709 2796 contundent‚
745 2752 785 2785 et
820 2757 897 2785 sua
930 2744 1039 2785 colla
1072 2748 1278 2796 prement.

202 2815 399 2856 Evellent
431 2816 543 2858 vasti
576 2816 739 2857 cunctis
773 2816 825 2857 de
859 2815 1051 2869 partibus
1086 2813 1213 2865 orbis,

261 2886 432 2927 Tollent
465 2900 487 2928 e
519 2887 660 2928 medio
693 2886 878 2928 barbara
911 2892 1033 2938 terga
1066 2885 1172 2926 loco.
