1955 3278
516 237 680 280 Mucius
715 244 756 279 et
789 237 911 279 Fabii
944 238 1135 292 praemia
1168 238 1299 291 digna
1332 244 1493 290 tenent,

340 320 407 353 405
461 308 541 359 Qui
574 309 757 362 patriam
790 315 964 363 propter
996 316 1271 363 praesentem
1304 309 1485 351 fundere
1517 310 1647 351 vitam

518 379 777 421 Constanter
808 386 974 431 norant,
1009 386 1182 434 pectore
1216 380 1478 434 perplacido.

460 451 504 493 Si
538 451 692 505 cupitis
725 464 925 505 proceres
958 451 1085 506 igitur
1118 452 1361 504 dominique
1394 451 1593 501 barones,

519 521 738 563 Scandere
772 522 979 576 stelligeri
1012 522 1153 564 lucida
1187 529 1302 563 tecta
1340 522 1454 576 poli;

460 594 655 646 Denique
690 593 725 634 si
759 594 901 634 fauste
936 594 1078 635 stabili
1110 593 1302 647 gaudere
1336 593 1492 646 quiete,

338 676 407 708 410
516 665 569 705 Et
602 665 688 706 vita
722 678 892 719 semper
931 664 1178 706 candidiore
1212 665 1324 715 frui;

461 736 505 778 Si
538 750 720 789 regnare
755 736 879 777 simul
913 750 1045 789 regno
1080 737 1172 777 sine
1206 736 1289 778 fine
1322 736 1451 778 beato

521 808 705 848 Cernere
739 806 962 860 flagrantis
996 807 1153 861 iugiter
1185 821 1260 848 ora
1293 807 1387 848 dei:

460 879 643 919 Fortiter
675 878 900 919 unanimes
935 891 1090 920 saevos
1124 878 1351 932 propellite
1384 878 1592 930 Thumas,

522 950 601 1000 Qui
636 963 748 991 vana
781 949 997 990 dominum
1029 949 1252 1003 relligione
1287 949 1457 1001 colunt;

341 1032 410 1065 415
463 1021 545 1071 Qui
578 1021 754 1075 cupiunt
786 1019 970 1061 αῡνὲέεν1
1007 1027 1151 1062 castos
1184 1021 1345 1062 violare
1379 1020 1580 1074 puriores,

520 1092 806 1145 Nitunturque
841 1105 1008 1134 sacram
1041 1091 1328 1146 praecipitare
1362 1091 1503 1134 fidem.

464 1164 536 1206 Sic
568 1164 657 1205 vult
691 1164 855 1205 aeterni
889 1163 1104 1218 sapientia
1136 1163 1322 1204 maxima
1354 1164 1502 1215 patris,

523 1235 679 1289 Sicque
713 1242 889 1276 monent
920 1236 1056 1288 leges,
1090 1235 1241 1288 iusque
1274 1234 1497 1289 pudorque
1530 1235 1661 1277 iubet.

464 1306 534 1348 Sic
567 1307 640 1348 fiet
673 1306 794 1348 vobis
828 1313 1021 1348 sanctum
1055 1306 1268 1360 placabile
1303 1319 1472 1358 numen,

344 1390 413 1423 420
523 1380 602 1420 Ast
635 1392 761 1420 secus
794 1378 994 1432 indignos
1028 1378 1217 1420 fulminis
1250 1379 1310 1419 ita
1342 1385 1520 1432 premet.

462 1451 690 1492 Pertrahet
723 1457 764 1491 et
796 1450 951 1491 Pluton
985 1450 1150 1503 nigrum
1184 1450 1446 1491 truculenter
1478 1449 1534 1491 ad
1562 1463 1705 1492 orcum

522 1523 599 1563 Est
630 1522 673 1563 in
707 1535 789 1575 quo
822 1523 962 1563 luctus
996 1528 1317 1576 perpetuusque
1351 1521 1483 1563 dolor.

465 1594 558 1644 Quo
593 1594 663 1646 qui
697 1593 928 1635 deveniunt
961 1607 1178 1646 nunquam
1210 1599 1468 1635 revocantur
1490 1593 1546 1635 ad
1570 1606 1698 1635 auras

525 1666 722 1720 Spesque
757 1665 907 1706 salutis
942 1666 1004 1706 eis
1038 1665 1155 1705 nulla
1188 1666 1338 1707 relicta
1370 1671 1528 1706 manet.

345 1748 413 1781 425
466 1737 656 1779 Fumifer
688 1737 774 1779 illic
808 1736 933 1778 adest
964 1737 1090 1790 ignis,
1125 1737 1346 1790 frigusque
1380 1737 1619 1787 molestum,

525 1809 630 1850 Dira
662 1809 814 1860 fames,
849 1808 972 1860 fetor,
1008 1809 1350 1862 suppliciumque
1383 1821 1528 1862 grave.

465 1882 625 1922 Amnes
659 1880 852 1932 sulfurei,
886 1881 1070 1934 gemitus
1105 1880 1346 1933 stridorque
1379 1881 1600 1930 molestus,

525 1952 653 1994 Sicca
687 1952 781 1993 sitis
813 1953 988 2006 pariter,
1021 1952 1192 1993 vincula
1225 1952 1330 2000 dira,
1364 1951 1514 1993 fames.

467 2012 703 2078 Serpentes
737 2024 829 2075 atri,
864 2037 1045 2075 vermes,
1080 2031 1122 2065 et
1155 2023 1263 2065 dura
1295 2023 1483 2077 flagella,

345 2105 417 2140 430
527 2095 766 2136 Damnatos
800 2095 994 2137 homines
1030 2108 1140 2148 quae
1175 2095 1363 2136 cruciare
1399 2094 1551 2135 solent.

466 2166 654 2207 Prodere
689 2166 759 2219 qui
791 2167 974 2220 patriam
1008 2166 1262 2207 studuerunt
1295 2179 1366 2206 ore
1401 2171 1592 2216 cruento,

527 2236 609 2287 Qui
642 2238 822 2278 miseros
855 2238 1051 2279 homines
1084 2237 1363 2292 suppeditare
1397 2236 1545 2277 solent.

470 2309 551 2358 Qui
585 2309 776 2351 cruciant
811 2309 962 2350 viduas
997 2322 1168 2363 semper
1202 2308 1468 2360 miserosque
1502 2307 1691 2357 colonos,

530 2380 585 2422 Ut
619 2381 835 2422 cumulent
868 2381 1040 2422 sibimet
1071 2380 1212 2434 turpia
1243 2380 1362 2420 lucra
1395 2379 1517 2420 male.

349 2462 417 2496 435
470 2452 549 2493 Hic
581 2465 658 2506 pro
691 2465 918 2506 purpureo.
953 2452 1045 2493 Nisi
1079 2452 1294 2493 scelerata
1327 2451 1497 2505 capillo,

531 2522 676 2577 Scylla
707 2530 852 2565 manet
884 2523 1047 2578 rapidis
1081 2522 1361 2564 dilaceranda
1392 2522 1517 2576 lupis.

472 2594 665 2636 Prodidit
687 2601 732 2636 ut
752 2595 934 2648 patriam
964 2594 1133 2636 dulcem
1155 2594 1457 2648 propriumque
1484 2597 1722 2646 parentem,

530 2665 706 2720 Cogitur
739 2679 967 2708 aerumnas
1000 2665 1263 2720 pertolerare
1296 2664 1447 2706 malas.

469 2737 549 2779 Hic
583 2737 712 2779 etiam
747 2738 884 2779 Cacus
918 2737 1069 2791 poenis
1103 2736 1316 2777 cruciatur
1349 2734 1530 2785 acerbis,

351 2818 420 2852 440
531 2807 655 2857 Quod
690 2822 860 2862 semper
891 2808 1016 2849 villas
1050 2807 1337 2861 depopulatus
1371 2812 1473 2848 erat.

475 2901 483 2920 ¹
510 2901 686 2945 Apponyi
713 2899 973 2944 peldanyaban
1001 2898 1253 2944 szeljegyzet:
1282 2909 1395 2942 semp.
1423 2897 1606 2941 (semper).
