1898 3278
223 88 268 122 38

345 274 590 311 Benedicti
617 273 815 311 Bekenii
841 275 898 310 ad
926 274 1161 311 dominum
1187 285 1318 310 suum
1347 274 1593 321 [Ἴθι-’060211

805 334 1112 382 Epigramma.
1132 336 1140 355 ¹

377 444 466 485 Hos
500 444 696 498 proprius
730 444 917 485 delecta-t
950 458 1080 494 amon
1116 444 1193 486 sed
1226 445 1362 498 gloria
1393 444 1535 485 famae

434 516 522 556 Hos
554 515 685 567 iuvat7
720 523 761 556 at
795 516 950 556 mentis
983 529 1066 555 non
1101 516 1200 557 colit
1232 516 1304 557 ille
1338 515 1463 557 bona.

377 587 441 627 Tu
465 595 597 638 ratus7
622 600 646 628 o
670 586 856 638 nimium⁷
878 586 1138 639 nimiumque
1163 587 1401 639 iterumque
1424 586 1611 637 beatum,

438 658 541 699 Cum
575 658 724 712 patriis
757 657 935 698 studeas
967 658 1154 699 moribus
1188 664 1316 710 atque
1349 657 1446 699 fide.

377 730 600 783 Lycurgus
634 728 775 770 sanxit
805 729 927 781 leges
961 734 1003 770 et
1037 728 1260 769 commoda
1294 728 1436 782 gentis

437 800 640 841 Inachiae
674 806 715 841 et
750 799 916 841 Siculos
949 799 1155 853 perdocet
1188 800 1300 840 alma
1333 799 1478 842 Ceres.

379 871 431 912 At
465 878 509 912 tu
542 871 746 925 probatas
779 871 910 912 multo
945 870 1187 911 discrimine
1221 871 1343 923 leges

440 942 648 996 Congeris
683 949 724 984 et
757 948 927 983 nostros
964 942 1103 996 patria
1136 942 1225 982 iure
1260 941 1405 983 doces.

356 1152 577 1189 Eiusdem
603 1152 652 1188 in
679 1152 983 1188 Ardelionem
1010 1153 1055 1188 et
1081 1151 1260 1188 Zoilum
1285 1152 1593 1199 Epigramma.

383 1264 429 1305 Si
461 1264 537 1305 tibi
567 1264 675 1305 livor
706 1264 821 1305 iners
855 1263 936 1304 urit
968 1263 1222 1317 praecordia
1254 1268 1430 1309 tantum,

443 1335 497 1376 Ut
530 1335 680 1389 patriis
714 1335 822 1376 nolis
858 1335 1125 1376 consuluisse
1159 1335 1293 1376 bonis.

383 1406 462 1447 Vel
494 1412 536 1447 te
571 1406 677 1447 dura
710 1407 819 1448 silex
852 1406 1013 1460 genuit,
1048 1419 1125 1447 seu
1157 1412 1278 1448 torva
1310 1406 1539 1460 Megaera:

445 1477 524 1518 Vel
557 1478 592 1518 si
626 1478 728 1530 quid
760 1491 943 1531 magnus
977 1478 1148 1519 saevius
1183 1477 1297 1519 orbis
1331 1477 1475 1519 habet.

386 1548 431 1589 Si
465 1549 576 1602 potis
610 1555 676 1590 est
707 1549 835 1590 iubeo
868 1549 1070 1590 liventem
1104 1549 1221 1590 Zoile
1254 1548 1460 1602 linguam,

445 1621 698 1675 Comprime,
732 1621 802 1662 vel
835 1621 870 1661 si
903 1634 987 1661 non
1020 1620 1157 1674 pestis
1191 1621 1349 1662 acerba
1381 1626 1514 1662 voret.

387 1693 489 1733 Post
523 1693 777 1745 cineresque
810 1698 906 1733 tuos
929 1691 1106 1733 frondes
1140 1698 1240 1744 quot
1263 1691 1305 1732 iu
1329 1691 1481 1732 arbore
1505 1691 1657 1743 cernis,

445 1764 639 1805 Plutonis
672 1777 835 1818 poenas
869 1750 930 1804 tot
963 1763 1039 1804 tibi
1072 1776 1207 1816 regna
1239 1770 1402 1817 parent.

288 1997 489 2044 Egregio
516 1997 711 2033 Domino
740 1997 972 2044 Stephano
1001 1997 1056 2033 de
1085 1996 1347 2039 Werbeucz‚
1382 1996 1576 2041 patrono
1606 2006 1684 2032 suo

454 2057 765 2105 inclytissimo
793 2056 1075 2094 Benedictus
1104 2056 1160 2092 de
1188 2056 1350 2092 Beken
1377 2055 1415 2092 S.
1443 2055 1493 2090 D.
1511 2056 1522 2075 2

362 2169 533 2210 Diutius
578 2183 744 2210 mecum
778 2169 1037 2219 deliberans,
1084 2181 1211 2221 quam
1245 2166 1298 2207 sit
1330 2166 1505 2219 ingenio
1546 2165 1734 2218 dignum⁷

244 2241 279 2281 si
313 2240 484 2292 quaudo
530 2254 607 2281 nos
648 2246 923 2292 nostramque
956 2239 1150 2294 patriam,
1189 2238 1363 2279 laudum
1396 2236 1619 2290 insigniori
1651 2236 1731 2277 vir-

244 2317 335 2353 tute
369 2312 746 2353 accumulatiorem
780 2311 1200 2366 splendidioremque
1234 2309 1488 2363 aspicerem,
1523 2320 1669 2349 verum
1692 2312 1737 2348 ut

244 2382 397 2433 fatear,
444 2397 537 2424 cum
583 2383 778 2424 Martiale
823 2383 983 2424 bellum
1029 2381 1168 2422 laudis
1215 2380 1479 2421 deliberatae
1519 2377 1737 2420 desiderat

246 2454 534 2507 praeconium,
582 2455 659 2495 erit
704 2455 843 2508 patria
888 2454 1006 2494 nulla
1048 2458 1220 2506 praeter
1252 2451 1469 2491 animosos
1510 2449 1736 2500 Ausonios,

370 2595 379 2612 ¹
407 2596 662 2639 „Tripartitum
689 2605 782 2638 opus
800 2594 887 2628 iuris
906 2592 1216 2627 consuetudinarii
1241 2591 1367 2635 inclyti
1385 2589 1488 2634 regni
1508 2589 1737 2633 Hungariae:

248 2665 312 2699 per
338 2655 551 2698 magistrum
593 2654 818 2698 Stephanum
856 2654 901 2687 de
928 2653 1139 2687 Werbewcz
1179 2650 1383 2695 personalis
1422 2648 1606 2693 presentie
1639 2648 1739 2692 regie

250 2715 452 2749 maiestatis
478 2715 597 2748 locuni
616 2717 820 2748 tenentem:
847 2711 1109 2746 Acuratissime
1128 2711 1295 2745 editum.“
1326 2706 1470 2753 Vegen:
1501 2707 1740 2751 „Impressum

248 2774 411 2809 Viennae
438 2774 608 2808 Austriae
636 2784 699 2816 per
724 2773 905 2807 Joannem
933 2771 1172 2815 Singrenium.
1213 2769 1321 2803 Anno
1350 2767 1486 2802 domini
1512 2767 1556 2799 M.
1572 2766 1613 2800 D.
1630 2765 1739 2799 XVII.

251 2834 389 2868 Octavo
416 2834 474 2868 die
501 2834 617 2867 Maii&

396 2893 408 2912 ²
436 2894 661 2938 Ugyanazon
688 2892 817 2926 kiadas
845 2889 1005 2934 elejero'l.
