1955 3278
78 423 146 456 585

80 777 148 811 590

81 1131 149 1164 595

84 1486 153 1520 600

84 1842 151 1876 605

84 2196 152 2230 610

84 2551 153 2584 615

85 2902 154 2941 620

195 270 316 312 Hanc
348 271 476 324 igitur
508 283 721 325 proceres,
755 271 878 325 parili
911 271 946 312 si
978 278 1154 325 pectore
1189 285 1358 325 semper

257 341 487 383 Gesseritis
523 342 727 392 clausam,
761 341 905 395 pefida
937 342 1060 383 turba
1094 342 1232 384 cadet.

199 411 243 453 Si
277 412 390 464 quod
423 413 501 453 erit
533 412 747 462 damnum7
781 411 908 453 facile
942 413 1113 466 pelletis
1148 414 1364 464 acerbum,

256 483 407 524 Nullus
442 483 519 524 erit
553 484 623 536 qui
656 496 732 524 vos
764 483 939 524 laedere
972 483 1050 524 rite
1085 490 1227 536 queat.

199 554 407 596 Sternetis
438 567 592 596 saevos
615 554 823 605 Thurcas‚
860 555 1089 607 Asiamque
1112 555 1390 608 prophanam,

256 626 351 666 Non
384 625 461 666 erit
495 631 638 666 erecto
672 625 801 666 dente
835 625 1047 666 timendus
1082 640 1198 679 aper.

197 696 360 738 Vivetis
394 696 592 750 placidae
626 696 816 737 contenti
849 710 1024 737 munere
1060 697 1192 751 pacis,

228 767 280 807 Et
312 767 450 820 fugiet
483 773 652 808 nostros
687 780 799 807 mors
833 768 981 820 procul
1014 773 1112 808 acta
1143 768 1267 808 lares.

199 837 324 879 Orbis
358 844 398 878 et
431 838 663 878 immensus
696 844 862 879 vestros
897 838 1133 880 celebrabit
1156 838 1353 887 honores,

256 907 552 960 Virtutumque
586 921 743 956 comes,
783 908 920 961 gloria
952 922 1108 962 perpes
1143 909 1233 951 erit.

198 979 350 1019 Pellite
384 979 437 1020 de
471 979 613 1020 medio
647 979 870 1021 discordes
904 986 1032 1032 atque
1066 979 1294 1033 bilingues,

260 1050 323 1090 Ne
358 1057 514 1091 noceat
546 1063 679 1104 regno
713 1051 838 1092 turba
870 1051 1059 1104 maligna
1093 1052 1177 1104 pio,

200 1121 309 1161 Nam
342 1121 424 1162 nisi
457 1122 581 1163 turba
614 1122 758 1175 gravis
792 1122 965 1162 tollatur
998 1135 1172 1176 prorsus
1206 1122 1259 1163 ab
1293 1122 1406 1173 inde,

259 1193 405 1233 Patria.
438 1206 522 1234 non
556 1193 711 1247 poterit
744 1199 836 1233 tuta
869 1206 1042 1234 manere
1077 1193 1197 1235 satis.

200 1264 320 1304 Tolle
354 1277 496 1305 moras
528 1264 657 1317 igitur
688 1270 785 1317 post
818 1270 938 1304 tanta
970 1264 1161 1318 pericula
1192 1264 1381 1313 tandem,

259 1335 465 1389 Hungara
498 1335 714 1385 nobilitas,
749 1335 810 1376 sic
843 1335 1055 1389 populosa
1089 1335 1241 1376 cohors

204 1405 378 1459 Pugnes
411 1419 486 1460 pro
520 1406 671 1460 patria,
707 1419 781 1460 pro
816 1407 1014 1448 libertate
1047 1412 1288 1460 parentum⁷

262 1477 489 1530 Nunquam
522 1491 597 1531 pro
632 1477 772 1531 patria
806 1490 918 1518 mors
953 1484 1017 1518 est
1051 1478 1209 1518 acerba
1242 1484 1327 1518 tua.

202 1548 396 1602 Amplius
431 1549 607 1590 extollet
640 1548 752 1590 vires
786 1548 982 1589 inimicus
1016 1548 1058 1588 in
1092 1561 1254 1600 omnes,

264 1619 309 1660 Si
340 1620 437 1674 plus
471 1619 701 1664 distuleris,
736 1619 851 1660 bella
884 1632 1056 1661 movere
1091 1619 1183 1659 sibi.

203 1690 303 1744 Ipsa
337 1691 430 1731 sinu
464 1691 614 1731 mulier
646 1697 791 1731 natum
825 1691 1049 1744 complexa
1082 1690 1250 1744 peribit,

258 1761 349 1803 Nec
383 1775 461 1803 sua
494 1761 731 1803 defendent
765 1769 959 1815 tempora
993 1775 1102 1802 cana
1137 1774 1297 1802 senem.

202 1832 413 1874 Tristibus
446 1833 627 1887 incipies
662 1846 833 1887 semper
864 1833 1104 1886 pallescere
1139 1832 1263 1881 curis,

261 1904 314 1944 Et
346 1903 448 1945 fient
481 1904 595 1946 vitae
629 1904 746 1945 tedia
780 1911 918 1945 mesta
950 1910 1063 1953 tuae,

202 1973 373 2028 Oppida
406 1988 586 2027 cumque
621 1975 709 2016 suis
743 1982 990 2028 rumpentur
1022 1974 1246 2015 moenibus
1280 1974 1421 2024 urbes,

262 2046 461 2099 Undique
495 2047 738 2100 conspicies
773 2059 950 2100 carpere
984 2046 1094 2087 velle
1128 2045 1288 2098 fugam.

203 2116 274 2158 Sic
306 2124 379 2158 tua
411 2124 620 2172 perpetuo
654 2118 855 2158 morietur
887 2123 1079 2170 tempore
1112 2116 1244 2166 fama,

262 2188 323 2230 Ac
355 2188 433 2230 fies
468 2189 631 2230 cunctis
664 2188 813 2229 fabula
846 2201 959 2229 vana
991 2187 1103 2229 viris.

202 2259 256 2299 At
289 2259 325 2300 si
358 2274 580 2314 pugnaces
614 2260 774 2314 pariter
808 2259 993 2311 surgetis
1027 2260 1068 2299 in
1101 2259 1262 2308 hostes,

262 2331 473 2372 Ardenter
506 2332 643 2381 nobis,
678 2344 885 2384 prospera
919 2336 1072 2371 cuncta
1105 2329 1251 2370 fluent.

204 2400 485 2455 Omnipotens
519 2402 655 2444 aderit
689 2402 916 2444 conamina
949 2407 1094 2442 vestra
1126 2399 1326 2451 iuvando,

260 2472 314 2513 Et
347 2472 466 2514 dabit
499 2473 716 2521 auxilium,
751 2473 944 2526 protinus
977 2472 1070 2525 ipse
1105 2484 1238 2512 suum.

205 2541 400 2585 Sufficiet-
433 2550 653 2598 promptus
686 2543 853 2586 validas
886 2543 928 2583 111
961 2542 1124 2596 praelia
1155 2542 1281 2592 vires7

262 2613 407 2655 Hostis
441 2621 485 2655 ut
517 2616 700 2656 infestus
734 2613 1045 2656 concutiendus
1080 2620 1161 2653 eat.

202 2683 311 2725 Nam
344 2685 538 2727 Thurcas
572 2687 630 2726 nil
663 2685 797 2726 Marte
831 2685 958 2735 valet,
992 2697 1070 2725 nec
1104 2683 1285 2724 idoneus
1319 2681 1447 2722 armis

262 2755 338 2797 Est
371 2763 535 2798 tantum
568 2757 698 2798 celeri
731 2755 1042 2810 praestigiosus
1077 2766 1199 2806 equo.

202 2825 355 2878 Nilque
388 2828 594 2881 profanus
628 2828 716 2880 agit
751 2827 886 2868 solum
920 2826 1105 2868 clamore
1138 2824 1309 2875 furenti,

262 2897 357 2939 Non
390 2899 471 2941 nisi
503 2911 732 2953 perversus
767 2898 1001 2940 calliditate
1034 2896 1145 2936 ferit.
