1898 3278
1503 149 1565 183 121

370 291 494 341 Quod
517 305 601 333 non
625 297 667 332 et
694 291 902 345 juvenum
937 297 978 331 et
1000 292 1286 345 puellularum

370 362 522 411 Lusus,
554 361 796 412 illecebras,
828 362 960 413 iocos,
995 375 1176 413 amores,

368 433 512 483 Rixas,
546 433 724 486 praelia,
757 432 1036 482 basiationes,

366 503 420 543 Et
449 502 651 556 quidquid
675 503 820 557 pudet,
844 502 1016 544 adferas
1040 516 1270 556 canasque,

368 573 460 622 Quo
493 573 552 614 nil
584 574 747 627 turpius
782 579 847 614 est
880 573 1192 626 scelestiusque

369 644 461 694 Quo
494 645 552 685 nil
584 644 751 685 mollius
783 644 1160 698 impudentiusque

369 715 454 756 Sed
483 715 686 768 quidquid
712 715 851 766 decet,
887 715 1075 766 adiuvat,
1099 716 1307 768 medetur,

366 787 562 838 Prodest,
597 786 819 837 salvificat,
853 786 967 838 beat⁷
1002 795 1222 840 perennat.

201 974 253 1030 (A
304 977 621 1029 „Panegyricus
669 977 711 1017 in
756 976 929 1018 laudem
976 976 1060 1018 divi
1113 976 1304 1017 Ladislai
1352 978 1482 1031 Regis
1527 984 1567 1019 et

83 1047 257 1089 Patroni
289 1048 561 1101 Hungariae“
606 1046 790 1101 vegen1)

200 1131 360 1172 Lusum
384 1145 494 1173 anno
519 1144 545 1171 a
566 1132 700 1172 natali
730 1131 970 1172 Christiano
994 1132 1218 1173 millesimo
1243 1133 1564 1186 sesquingente—

84 1202 188 1244 simo
223 1216 347 1253 nono,
384 1202 497 1256 apud
520 1202 795 1256 Magnificum
829 1203 1044 1243 dominum
1070 1202 1313 1244 Gabrielem
1338 1203 1391 1244 de
1414 1204 1563 1244 Peren.

82 1274 125 1314 111
158 1273 315 1327 oppido
348 1273 516 1315 vitifero
551 1273 720 1314 Zeules.

199 1357 234 1398 A
261 1357 579 1410 „Panegyricus
603 1359 657 1397 ad
677 1356 818 1398 divum
845 1356 1131 1398 Stanislaum‘·
1161 1359 1262 1397 utan
1286 1357 1560 1398 kovetkezik:

86 1427 304 1481 „Magistri
335 1427 459 1468 Pauli
505 1427 759 1468 Crosnensis
793 1428 978 1469 Rutheni
1017 1428 1252 1481 Elegiacon
1286 1428 1341 1469 ad
1375 1433 1564 1469 sanctam

80 1498 316 1540 Barbaram
361 1499 568 1551 virginem
613 1498 1005 1539 victoriosissimam
1046 1499 1391 1552 extemporaliter
1428 1499 1563 1539 lusum

79 1570 194 1624 apud
217 1568 489 1623 magnificum
513 1569 729 1610 dominum
755 1569 997 1611 Gabrielem
1015 1570 1282 1611 Perenaeum
1306 1583 1417 1611 anno
1441 1583 1467 1610 a
1485 1569 1564 1611 vir-

79 1642 210 1695 ginali
228 1648 352 1695 partu
371 1640 496 1691 1508,
517 1641 584 1681 die
604 1648 753 1693 quarto
774 1641 1071 1692 Decembris“;
1093 1643 1266 1682 azutan:
1292 1641 1564 1695 „Sapphicon

80 1712 456 1766 Endecasyllabon
490 1711 544 1753 ad
578 1718 769 1753 sanctam
806 1712 1080 1753 Catharinam
1114 1713 1319 1766 virginem
1348 1718 1390 1753 et
1411 1718 1564 1765 marty-

79 1797 167 1824 rem
212 1783 562 1837 gloriosissimam
614 1784 753 1824 lusum
785 1781 929 1838 {apud}
963 1784 1144 1825 eundem
1194 1784 1409 1824 dominum
1454 1797 1564 1825 anno

80 1855 229 1897 eodem
262 1856 305 1896 in
328 1855 440 1896 festo
464 1855 642 1907 virginis
675 1855 801 1896 huius
832 1856 1172 1897 sanctissiniae“.
1213 1856 1284 1907 „In
1314 1855 1563 1909 virginalem

79 1926 402 1980 conceptionem
438 1926 684 1980 Sapphicon
711 1927 973 1968 modulatum
1009 1926 1122 1980 apud
1144 1926 1327 1967 eundem
1351 1926 1565 1967 dominum

80 2011 192 2039 anno
224 1997 375 2038 eodem
405 1998 472 2039 die
507 2004 658 2040 octavo
691 1998 986 2039 Decemb1·is“.
1026 1998 1097 2049 „In
1129 1997 1326 2038 Natalem
1363 1997 1565 2038 Christia-

79 2082 178 2109 num
198 2069 274 2110 sub
293 2068 409 2110 horis
428 2068 644 2109 matutinis
663 2068 778 2123 apud
796 2068 1067 2121 magnificum
1087 2068 1301 2109 dominum
1322 2067 1565 2109 Gabrielem

80 2140 347 2181 Perenaeum
379 2140 516 2181 lusum
550 2153 662 2181 anno
696 2140 846 2181 eodem
881 2140 947 2181 die
970 2139 1091 2180 XXV
1114 2140 1403 2181 Decembris.“
1446 2139 1565 2189 „Ode

78 2210 202 2251 Pauli
226 2210 479 2251 Crosnensis
502 2211 687 2251 Rutheni
711 2211 765 2252 ad
788 2210 1057 2264 magnificum
1083 2210 1297 2252 dominum
1322 2210 1565 2252 Gabrielem

79 2282 344 2323 Perenaeum
390 2295 466 2335 pro
511 2295 622 2323 novo
669 2296 794 2325 anno.
844 2295 969 2334 quam
1018 2282 1058 2322 in
1094 2288 1327 2335 conspectu
1373 2282 1564 2323 eiusdem

80 2352 239 2393 domini
272 2353 453 2406 sydereo
477 2351 519 2407 (1)
554 2353 750 2394 dominus
785 2353 1067 2394 Sebastianus
1094 2353 1305 2406 Maghyus
1329 2353 1565 2407 discipulus

23 2471 27 2475 ,
80 2436 182 2464 suus
216 2424 462 2465 carissimus
507 2437 613 2466 voce
649 2425 889 2465 camaenali
922 2424 1166 2465 modulatus
1207 2431 1272 2465 est
1304 2437 1415 2465 anno
1451 2424 1564 2467 1509

78 2493 388 2547 ingrediente“.
434 2495 650 2548 „Magistri
682 2495 805 2536 Pauli
839 2495 1093 2536 Crosnensis
1125 2495 1312 2536 Rutheni
1343 2495 1562 2549 Epigram-

79 2571 195 2606 mata
227 2566 269 2606 in
302 2566 488 2619 insignia
521 2567 737 2620 Magnifici
771 2567 930 2608 domini
964 2566 1175 2608 Gabrielis
1204 2566 1257 2607 de
1290 2566 1428 2607 Peren
1450 2566 1564 2607 cubi-

79 2636 333 2677 culariorum
365 2637 588 2690 Regalium
622 2638 827 2691 magistri,
865 2638 1021 2678 domini
1056 2644 1097 2678 et
1120 2637 1286 2692 patroni
1316 2638 1385 2678 'sui
1408 2638 1563 2691 gratio-

80 2706 249 2757 sissimi,
297 2707 470 2748 condita
503 2721 614 2749 anno
657 2707 805 2751 15092‘
856 2707 930 2755 (24
964 2708 1226 2762 epigramm).
1284 2707 1401 2758 „Ode
1442 2708 1564 2748 Pauli

80 2778 333 2819 Crosnensis
365 2778 550 2819 Rutheni
583 2779 638 2820 ad
670 2780 908 2833 Apollinem
944 2786 989 2820 111
1023 2779 1103 2820 sibi
1136 2780 1351 2833 poeticum
1384 2779 1563 2832 inspiret

78 2848 276 2900 furorem,
312 2862 393 2901 quo
427 2849 556 2903 digne
590 2850 863 2903 Magnificum
896 2851 1123 2891 Dominum
1159 2850 1401 2891 Gabrielem
1434 2850 1561 2892 Pere-

79 2932 231 2960 naeum
276 2920 453 2961 laudare
499 2921 649 2974 possit,
697 2934 828 2974 seque
876 2921 1013 2962 eidem
1061 2921 1228 2963 domino
1274 2922 1562 2975 maximopere
