1898 3278
1512 156 1579 190 105

96 301 285 355 patiatur
316 306 489 354 propter
521 299 822 352 quadraturam
855 300 1002 341 Martis
1029 307 1071 342 et
1094 301 1434 344 coniunctionem
1470 301 1582 343 Solis

99 378 141 412 et
175 370 356 412 Saturni.
379 370 390 392 1
440 370 601 412 Caveat
648 370 932 411 Serenissima
972 371 1177 413 Maiestas
1223 372 1316 413 Tua
1352 386 1378 413 a
1415 385 1582 414 veneno

97 447 272 496 propter
293 442 511 483 mulierem
533 455 645 483 nunc
665 441 850 483 nobilem
874 455 984 494 quae
1008 456 1091 483 non
1122 450 1211 483 erat
1235 442 1389 484 nobilis
1410 449 1584 497 propter

97 513 422 564 incarceratum,
470 512 583 565 quod
617 513 652 553 si
686 513 886 559 evaserit,
933 513 1025 554 Tua
1060 513 1346 555 Serenissima
1378 514 1585 555 Maiestas

99 583 299 625 damnum
344 590 631 635 consequetur
675 583 728 624 ob
774 583 1065 636 triplicitatem
1111 583 1222 625 Solis
1268 590 1308 625 et
1352 584 1499 626 Martis
1543 591 1584 625 et

100 654 401 707 quadraturam
448 652 649 695 Saturni¹
698 662 739 696 et
778 654 958 696 Veneris
1004 655 1117 697 circa
1161 656 1330 696 tertium
1376 655 1584 697 decimum

99 725 194 766 Iulii
227 732 269 766 et
301 726 480 778 primum
514 726 708 778 Augusti.

463 855 551 897 (fol.
575 854 644 906 31),
667 856 754 905 43).
789 856 855 896 Dc
888 854 1030 908 eclipsi
1061 854 1227 907 futura.

218 951 283 991 De
306 949 448 991 futura
471 956 614 991 autem
636 950 785 1004 eclipsi
809 950 911 991 solis
935 959 977 991 et.
1000 951 1098 992 lune
1129 952 1171 991 in
1195 965 1342 992 mense
1366 951 1588 992 Februarii

100 1029 143 1063 et
175 1019 343 1063 Martii‘3
378 1022 537 1062 nullum
571 1021 746 1062 verbum
780 1021 907 1073 facio,
943 1023 1141 1075 quoniam
1175 1022 1290 1063 illius
1324 1022 1504 1063 effectus
1535 1021 1590 1062 ad

100 1092 555 1135 MCCCCLXXXVII
599 1093 776 1146 produci
822 1093 1030 1146 intelligo7
1075 1107 1172 1134 nam
1218 1106 1377 1146 magna
1418 1092 1591 1146 eclipsis

101 1164 202 1205 solis
236 1164 467 1217 superioris
501 1164 601 1204 anni
634 1164 822 1205 nondum
856 1178 1022 1205 cursum
1057 1165 1112 1205 ad
1130 1164 1144 1185 ²²
1178 1164 1304 1205 finem
1339 1178 1460 1205 suum
1494 1177 1590 1218 per-

102 1235 199 1289 egit.
235 1234 505 1289 Superfluum
533 1248 630 1276 esse
666 1235 861 1276 existimo
895 1236 1134 1277 Maiestatis
1161 1236 1280 1276 Tuae
1305 1249 1430 1276 aures
1463 1234 1591 1289 pluri-

99 1308 179 1348 bus
225 1305 487 1355 obtundere;
533 1312 725 1359 tempore
773 1306 883 1347 enim
930 1319 1019 1357 suo,
1068 1307 1103 1347 si
1146 1306 1276 1347 vitam
1321 1306 1592 1360 omnipotens

101 1377 311 1427 annuerit,
345 1377 455 1418 haec
479 1377 620 1418 omnia
644 1377 899 1431 aperientur.
934 1378 1234 1419 Praetermitto
1260 1384 1300 1418 et
1323 1378 1379 1418 mi
1402 1377 1592 1418 invictis—

103 1450 207 1490 sime
240 1462 315 1489 rex
336 1448 537 1489 iudicium
558 1448 686 1489 lunae
717 1448 951 1489 crescentis
976 1448 1270 1489 deficientisve
1295 1456 1336 1490 et
1360 1447 1590 1489 annorum4

101 1533 153 1562 ac
185 1520 393 1561 mensium
426 1518 690 1560 fertilitatem
715 1526 756 1560 et
779 1519 999 1560 caritatem
1038 1520 1363 1573 pluviarumque
1389 1526 1430 1561 et
1451 1519 1592 1560 sereni

101 1591 306 1646 temporis
349 1590 521 1641 iudicia,
569 1591 768 1643 quoniam
814 1590 922 1632 haec
954 1591 1051 1644 ipsa
1083 1591 1152 1631 vel
1191 1590 1389 1644 agricolis
1434 1589 1592 1631 nostris

101 1676 186 1704 non
218 1663 366 1716 ignota
399 1675 496 1703 esse
531 1662 682 1712 solent,
717 1667 759 1702 et
792 1661 1085 1703 tantummodo
1120 1662 1243 1715 attigi
1276 1674 1386 1713 quae
1418 1660 1473 1702 ad
1501 1674 1590 1702 rem

101 1735 240 1788 ipsam
273 1739 315 1774 et
347 1733 403 1774 ad
435 1733 673 1774 Maiestatis
707 1733 827 1774 Tuae
862 1732 1114 1786 (lignitatem
1138 1733 1353 1787 pertinere
1386 1732 1592 1784 intellexi,

104 1805 267 1846 scilicet
312 1804 365 1845 de
414 1804 564 1845 Italiae
611 1805 874 1858 aliarumque
920 1805 1233 1859 provinciarum
1281 1803 1590 1857 potentatibus.

102 1876 221 1926 Vale,
257 1875 529 1917 serenissime
562 1876 619 1916 mi
651 1889 703 1917 ac
734 1876 1012 1917 invictissime
1040 1889 1128 1926 rex⁷
1164 1874 1348 1916 Candidi
1370 1873 1593 1915 Eustachii

104 1947 260 1989 servuli
293 1947 353 1988 tui
386 1960 469 1987 11011
502 1947 733 1988 immemor.

155 2131 380 2168 Ludovioi
408 2131 628 2169 Carbonis
654 2132 853 2168 Carmen
879 2132 938 2169 ad
964 2132 1264 2168 Franciscam
1289 2131 1553 2167 Fontanam

313 2197 514 2234 amicam
544 2198 861 2234 doctissimam
889 2200 936 2234 et
963 2198 1191 2245 speratam
1219 2205 1389 2234 suam.

314 2337 322 2345 .
349 2337 358 2345 .
381 2337 390 2345 .
422 2303 577 2356 Legati
609 2304 785 2344 veniunt
817 2303 972 2345 finibus
1010 2303 1196 2356 Ungaris
1216 2302 1230 2325 ⁶

313 2374 583 2424 Quaerentes
615 2375 800 2428 aliquem
835 2375 991 2416 ducere
1026 2375 1267 2428 praeditum

225 2526 234 2546 ¹
265 2526 423 2560 Saturnii
459 2526 493 2560 C.
585 2527 707 2561 Marzii
746 2527 781 2560 C.
833 2527 844 2546 ³
871 2538 912 2561 ac
953 2528 989 2560 C.
1037 2528 1050 2547 ⁴
1075 2537 1228 2560 nnorum
1255 2526 1349 2571 (igy)
1379 2528 1415 2560 C.
1467 2526 1478 2544 ³
1505 2524 1594 2560 Cod.

105 2586 306 2620 Marcianus
332 2586 392 2620 lat.
423 2586 465 2620 cl.
493 2586 570 2620 XII.
598 2586 678 2621 cod.
707 2586 915 2621 CXXXVII.
943 2596 1038 2620 saec.
1066 2586 1142 2619 XV.
1161 2586 1224 2619 fol.
1252 2586 1310 2619 Sb.
1339 2584 1457 2619 Carbo
1485 2585 1595 2629 Lajos

105 2645 246 2686 levelei‚
287 2644 534 2689 koltemenyei
572 2643 612 2679 es
650 2645 780 2680 halotti
813 2644 985 2680 beszedei
1025 2645 1112 2679 kozt
1146 2643 1241 2679 idezi
1280 2655 1300 2679 e
1327 2644 1509 2685 verseket,
1549 2643 1596 2678 de

106 2705 269 2745 hibasan,
310 2715 392 2738 nem
430 2705 556 2739 tudom
582 2705 718 2749 milyen
744 2703 959 2745 keziratboL
997 2703 1120 2738 Baroti
1147 2704 1188 2744 is,
1227 2704 1373 2738 Memor.
1412 2704 1514 2738 Istor.
1550 2703 1595 2737 de

107 2763 239 2798 Letter.
268 2763 404 2798 Ferrar.
431 2764 456 2797 I.
483 2775 517 2807 p.
546 2765 601 2798 50.
629 2763 669 2798 es
696 2764 807 2798 utana
835 2764 939 2797 Carlo
967 2763 1023 2797 de'
1050 2763 1227 2804 Rosmini‚
1254 2763 1338 2797 Vita
1365 2773 1384 2797 e
1403 2762 1597 2805 disciplina

108 2823 143 2857 di
171 2822 330 2857 Guarino
356 2823 544 2857 Veronese
572 2834 590 2857 e
618 2823 676 2857 de'
703 2823 783 2858 suoi
810 2823 998 2866 (liscepoli.
1038 2822 1196 2864 Brescia,
1226 2822 1326 2855 1805.
1354 2822 1413 2855 III.
1441 2832 1475 2864 p.
1504 2821 1595 2863 157„

107 2883 187 2916 158.
232 2881 244 2900 ⁶
275 2881 438 2926 Unyares
465 2882 541 2915 volt
562 2893 582 2916 a
603 2882 791 2917 codexben
819 2893 838 2915 a
862 2882 998 2926 javitas
1026 2882 1127 2922 elfitt,
1152 2881 1295 2925 Unyare'
1312 2892 1409 2925 vagy
1434 2879 1596 2924 Unyaris

108 2951 177 2975 van
206 2941 325 2975 benne
353 2951 373 2974 a
396 2940 532 2985 javitas
559 2941 657 2975 111311.
