1955 3278
363 111 435 145 320

359 336 428 370 845

358 694 428 728 850

357 1050 428 1085 855

358 1407 429 1442 860

358 1763 427 1798 865

357 2119 428 2154 870

358 2475 427 2509 875

358 2832 429 2866 880

511 254 545 295 A
567 254 668 296 Iove
690 254 806 296 dicta
838 255 920 309 pio,
955 261 1189 310 properant
1219 254 1317 296 dum
1347 254 1525 297 tendere
1548 255 1604 297 ad
1624 256 1733 298 imas

511 325 712 367 Custodis
748 325 932 379 ditisque
967 326 1129 378 domos,
1163 326 1244 367 ruit
1278 339 1380 368 ecce
1416 325 1580 380 Sybilla

509 397 646 438 Plena
678 397 774 449 deo,
808 397 919 438 tales
953 397 1187 451 efflataque
1221 397 1393 438 numine
1426 411 1557 440 voces

511 467 696 519 Orditur,
731 468 924 522 tropidas
958 469 1121 521 solitos,
1155 475 1408 523 portamque
1442 469 1632 512 tenebat.

509 540 720 594 Principis
754 553 777 581 o
811 539 997 581 studium
1030 540 1176 593 magni
1209 540 1261 581 de
1295 540 1427 594 stirpe
1460 541 1645 582 Ioannes

508 611 631 653 Miles
666 617 708 652 et
741 611 849 653 Urse
884 611 1045 653 decem.
1080 610 1172 660 Que
1206 625 1304 652 nam
1337 611 1509 653 fortuna
1542 612 1685 666 coegit

509 682 599 724 Hos
631 682 782 724 herebi
815 688 981 723 tentare
1014 682 1136 724 lacus
1170 688 1212 724 et
1244 682 1368 724 fusca
1401 682 1547 725 videre

510 753 677 808 Stagna
699 760 814 794 metu
836 754 975 794 iurata
996 753 1090 794 deis
1105 752 1127 794 ἱ)
1150 753 1481 807 Acherontaque
1505 761 1714 796 moestum
1728 754 1750 796 ⁶?

509 825 742 880 Cocytique
766 823 936 866 undas‘?
957 824 1139 866 fiammis
1162 825 1537 878 Phlegetuntaque
1558 824 1737 874 sevum?

508 897 838 949 Nocturnosque
863 908 1015 937 canum
1040 894 1257 949 gemitus?
1280 903 1543 950 questusque
1565 896 1793 951 luporum?

508 969 563 1010 Et
594 967 763 1022 gelidas
796 965 1005 1009 umbras?
1037 967 1338 1020 horrendaque
1371 968 1518 1009 nubila
1550 968 1724 1010 Lethes.

509 1039 687 1081 Addidit
719 1039 800 1080 hec
835 1039 970 1080 Ursus
1005 1038 1144 1080 dicam
1179 1039 1324 1080 crinea
1358 1038 1547 1092 sybilla:

509 1111 618 1152 Fata
649 1110 799 1151 iubent
832 1109 976 1151 divum
1008 1110 1154 1151 tristes
1186 1110 1345 1152 intrare
1379 1123 1591 1151 cavernas

511 1182 812 1234 Sollicitorque
845 1181 970 1222 nimis
1005 1181 1162 1222 sacrati
1195 1181 1400 1235 principis
1434 1194 1558 1222 omne

509 1254 752 1308 Imperium,
786 1252 985 1305 Latiique
1020 1253 1100 1293 soli
1133 1265 1392 1306 prenoscere
1425 1266 1620 1306 regnum,

508 1325 648 1378 Atque
683 1337 808 1365 omen
843 1337 1044 1378 superum
1076 1323 1222 1374 foelix,
1256 1330 1301 1364 tu
1335 1323 1505 1377 prescia
1536 1337 1678 1365 rerum

510 1396 634 1437 Nunc
668 1395 788 1449 aperi
820 1395 955 1436 nobis.
993 1394 1118 1445 Quod
1150 1401 1286 1436 restat
1317 1395 1449 1449 Regis
1482 1395 1595 1436 iberi

510 1466 796 1519 Germanique
831 1466 966 1518 ducis,
1001 1465 1158 1508 devicti
1190 1479 1327 1520 nuper
1357 1466 1401 1507 in
1435 1466 1563 1508 armis

508 1538 779 1591 Hungaricis,
803 1543 1104 1592 sceptrumque
1128 1537 1246 1579 dedit
1268 1537 1346 1579 sub
1369 1543 1511 1579 castra
1532 1537 1724 1579 conactis
1739 1534 1783 1591 (1)

508 1609 693 1651 Francia
726 1609 827 1662 quid
849 1609 1018 1650 demum
1053 1608 1154 1661 quid
1188 1608 1356 1650 Gallica
1376 1609 1464 1650 tela
1485 1622 1563 1662 per
1582 1609 1730 1650 orbem

508 1682 556 1723 In
590 1681 719 1723 variis
754 1680 892 1722 divisa
924 1680 1030 1722 locis
1065 1686 1107 1721 et
1140 1687 1283 1722 castra
1315 1680 1548 1733 requirant,

509 1753 682 1803 Extera‚
717 1751 874 1793 dehinc
906 1751 1118 1793 Venetum
1148 1757 1309 1792 turmas
1344 1765 1396 1792 ex
1420 1751 1568 1792 ordine
1590 1749 1734 1805 pande

508 1824 824 1878 Vipereumque
858 1822 1012 1864 ducem
1046 1823 1276 1864 clamatum
1308 1822 1479 1863 nomine
1512 1822 1660 1863 Mauro

508 1895 719 1936 Edoctum
752 1894 891 1945 terris,
925 1893 1028 1946 quid
1061 1893 1189 1935 docta
1220 1893 1417 1935 Bononia
1450 1893 1623 1935 tandem

508 1966 683 2008 Mantua
717 1965 818 2019 quid
851 1972 1033 2019 spectat,
1069 1964 1170 2018 quid
1202 1978 1315 2006 nunc
1348 1965 1544 2006 Ferraria
1578 1964 1699 2006 dives

507 2037 701 2079 Nominis
735 2036 950 2087 Herculei,
983 2036 1174 2077 renitens
1207 2036 1428 2077 Florentia
1459 2035 1586 2077 tectis

510 2108 676 2159 Quidve
700 2113 833 2162 petat,
855 2113 1109 2162 repetatque
1134 2120 1282 2149 sacras
1306 2120 1383 2148 seu
1405 2108 1540 2148 Roma
1562 2120 1750 2158 secures,

509 2181 711 2234 Abnegat
746 2180 961 2234 extemplo
994 2186 1118 2221 vates
1152 2179 1341 2233 prescire
1377 2179 1593 2220 dabuntur

508 2252 604 2293 Non
638 2252 707 2293 hic
740 2252 849 2293 Urse
884 2251 972 2301 tibi,
1006 2264 1154 2305 regem
1188 2251 1288 2304 quia
1320 2250 1412 2291 fata
1445 2257 1662 2292 morantur

507 2323 805 2365 Vuladislaum
839 2323 968 2364 armis
1001 2323 1216 2376 insignem
1250 2329 1291 2363 et
1325 2321 1486 2363 Cesare
1519 2321 1631 2362 victo

508 2395 578 2435 Da
612 2395 765 2435 saltem
799 2408 932 2447 queso
967 2400 1147 2435 eventus
1182 2393 1330 2434 audire
1364 2393 1530 2434 futuros

509 2465 720 2519 Principis
754 2465 909 2516 eximii,
943 2465 1066 2506 nobis
1099 2465 1295 2506 Phebeia
1327 2471 1463 2505 vates.

510 2537 677 2587 Quidve
710 2543 834 2591 parat
866 2537 1050 2591 populos
1083 2536 1308 2589 insurgere
1343 2536 1511 2577 vinctus
1540 2535 1709 2588 iniquos

509 2608 658 2649 Fratre
693 2621 783 2660 suo,
818 2615 1040 2660 terrasque
1075 2620 1186 2648 novo
1219 2607 1304 2647 iam
1336 2607 1507 2648 vincere
1541 2606 1689 2647 Marte.

508 2679 584 2720 Ille
609 2679 738 2720 decor
760 2678 918 2730 mundi,
953 2678 1157 2733 splendor
1189 2691 1424 2731 regumque
1460 2677 1713 2729 Ducumque

508 2750 797 2800 Vuladislaus,
833 2763 936 2791 avos
970 2762 1181 2803 superans
1215 2749 1377 2803 pietate
1411 2748 1604 2794 Latinos,

509 2821 710 2874 Enseque
744 2821 960 2862 Romanos
995 2821 1121 2862 simili
1155 2826 1374 2862 concertat
1407 2820 1607 2861 honores.

511 2892 746 2934 Confestim
780 2898 959 2946 patuere
992 2892 1108 2933 fores
1142 2891 1361 2945 gratisque
1396 2890 1588 2945 profatur
