1919 3273
334 116 406 149 352

338 329 409 370 Ad
430 329 609 370 em'zclem
633 327 777 370 div-mn
801 327 1112 380 wladislaum,
1137 326 1367 383 Hunyarirg
1390 332 1427 369 et
1449 326 1650 369 Bohemie
1671 327 1824 382 Relqem

335 399 734 454 splenclidissz'mum
775 398 1252 452 fort(matissimwuque
1297 412 1468 440 carmen
1507 397 1699 451 lyricum,
1748 412 1827 452 quo

337 472 471 513 Poeta
511 485 773 523 summopere
817 469 1028 512 desiderat
1061 469 1151 512 eius
1181 474 1300 524 ‘qesta
1332 473 1369 511 et
1401 469 1548 511 laudes
1587 469 1826 512 describere.

554 601 588 643 O
624 602 756 643 decus
791 614 999 642 summum
1034 601 1171 655 patrie
1204 601 1406 655 potentis,

623 673 759 723 Quem
783 672 916 715 (111003
943 673 1115 713 horrent
1142 678 1423 724 metuuntque
1457 672 1614 724 magni.

626 745 671 786 Si
703 744 821 785 lubet
854 750 997 792 nostre
1031 743 1182 784 faveas
1218 743 1432 784 Camenae

685 815 854 870 Optime
892 815 1106 869 princeps.

445 911 466 943 5
556 900 648 950 Que
682 907 778 940 tuas
813 905 933 953 optat
966 898 1186 940 celebrare
1219 912 1401 953 pugnas,

626 972 677 1011 Et
712 984 840 1024 pares
873 969 1005 1010 tantis
1039 982 1244 1011 resonare
1279 975 1430 1010 cantus

623 1041 860 1091 Laudibus,
896 1040 973 1082 sed
1006 1046 1051 1081 tu
1083 1040 1257 1081 nimium
1291 1040 1475 1081 decorus

685 1113 937 1167 Comprimis
972 1125 1058 1154 ora.

555 1198 659 1248 Quis
693 1202 823 1250 queat
856 1201 1000 1238 vatum
1033 1202 1226 1237 veterum
1259 1195 1415 1249 politos

423 1280 466 1313 10
625 1268 786 1323 Spiritu
819 1274 938 1308 tanto
973 1266 1169 1308 modulos
1202 1272 1352 1308 notare

625 1340 806 1392 Aequet⁷
836 1345 881 1379 ut
916 1338 1038 1379 fortis
1076 1351 1278 1392 proceres
1314 1337 1509 1379 canendo

685 1410 868 1451 Maxime
902 1416 1044 1463 teque.

552 1495 731 1535 Militum
764 1495 898 1535 virtus
930 1499 1146 1547 premeret
1179 1506 1348 1534 sorores

623 1567 811 1617 Mantuq,
848 1565 1016 1618 magnis
1052 1564 1231 1606 ducibus
1263 1563 1509 1605 tremendos

421 1649 465 1682 15
624 1636 848 1690 Principes
881 1636 1023 1676 nullus
1058 1641 1233 1677 caneret
1265 1641 1396 1689 poeta

685 1707 880 1749 Carmine
916 1706 1060 1760 digno.

554 1793 634 1833 Hic
667 1791 792 1833 adest
825 1791 1027 1845 princeps
1061 1791 1287 1843 animoque
1323 1796 1365 1831 et
1398 1789 1524 1831 armis

623 1863 845 1903 Pannonis
878 1862 969 1903 Rex
1004 1868 1046 1903 et
1077 1862 1225 1916 populi
1257 1861 1438 1903 Bohemi

624 1933 816 1987 Agminis
850 1940 1036 1975 structas
1070 1933 1187 1975 acies
1219 1946 1296 1987 per
1328 1946 1431 1975 arva

419 2016 466 2050 20
683 2004 878 2046 Infremit
911 2018 1050 2059 asper.

555 2088 641 2131 Seu
674 2088 787 2130 ferat
821 2088 949 2130 duros
983 2088 1151 2141 equites
1182 2088 1226 2128 in
1258 2088 1439 2137 hostem,

628 2160 714 2201 Seu
746 2166 870 2213 regat
903 2160 1056 2201 eastris
1090 2159 1255 2200 animos
1288 2159 1472 2210 feroces,

627 2231 792 2272 Cuncta
824 2237 911 2271 tam
945 2243 1076 2272 sensu
1109 2230 1278 2284 peragit
1309 2228 1524 2284 profundo

685 2302 839 2343 Vincat
871 2308 917 2342 ut
950 2314 1112 2342 omnes.

419 2395 467 2428 <25
556 2385 674 2435 Quos
706 2391 852 2439 patres
886 2384 1101 2437 quondam
1135 2397 1323 2438 genuere
1357 2383 1502 2434 nostri2

627 2456 743 2506 Quos
775 2456 890 2496 locat
923 2456 1016 2497 celo
1048 2455 1211 2496 furiosa
1242 2462 1387 2496 vatum

626 2526 784 2576 Turba,
818 2540 903 2567 11011
937 2526 1003 2567 his
1035 2526 1238 2567 inferiore
1271 2525 1393 2567 floret

686 2598 867 2639 Pectore
903 2604 944 2639 et
977 2598 1118 2639 armis.

554 2681 670 2722 Voce
704 2695 789 2722 non
821 2694 997 2735 possum
1030 2694 1233 2722 resonare
1266 2687 1399 2730 tanta,

420 2762 469 2795 30
630 2752 683 2793 Ut
717 2765 845 2805 pares
879 2751 1003 2792 edam
1036 2764 1235 2792 numeros
1269 2764 1464 2802 canoruS,

628 2822 710 2872 Qui
743 2836 897 2876 graves
932 2828 1082 2864 ornent
1115 2822 1404 2875 decorentque
1428 2834 1596 2876 pugnas

684 2894 894 2948 Principis
928 2893 1066 2935 huius.
