1898 3278
256 133 299 166 16

408 276 546 317 Macte
580 276 709 316 animi
743 276 814 329 qui
840 282 960 317 tanta
981 277 1064 318 tuis
1089 276 1191 317 dare
1221 277 1443 319 commoda
1469 279 1602 319 nostri

467 347 689 398 Gentibus,
723 347 903 401 insignis
937 347 1053 389 fama
1085 347 1227 388 futura
1260 354 1333 389 tua
1367 355 1441 390 est.

408 420 463 461 Ut
497 419 650 460 Cretae
684 419 827 460 Minoa
860 420 1017 471 colunt,
1051 419 1240 472 Argique
1274 419 1557 469 Phoroneum,

468 490 644 544 Legifer
677 497 719 531 et
753 490 937 544 Spartae
971 491 1133 544 templa
1165 491 1374 544 Licurgus
1407 491 1553 541 habet,

410 562 550 614 thue
587 561 743 602 Solone
778 575 855 602 suo
890 561 1052 603 dociles
1085 562 1300 603 laetantur
1332 562 1570 613 Atheenae,

467 633 538 674 Sic
570 632 720 674 laudes
754 633 913 674 referet
946 633 1165 674 Pannonis
1200 646 1274 674 ora
1308 639 1418 675 tuas

407 703 542 745 Maior
576 704 654 745 erit
688 704 822 745 sacris
857 704 928 756 qui
961 704 1131 744 moenia
1164 703 1334 757 legibus
1368 711 1515 749 armat,

468 774 605 824 Quam
640 775 710 827 qui
742 775 978 829 belligerae
1015 775 1207 828 congerit
1242 776 1344 816 artis
1378 788 1496 829 opes.

407 846 517 887 Nam
549 846 650 887 licet
684 859 802 886 arma
834 852 1003 897 vacent,
1039 845 1163 888 solidi
1197 852 1282 888 stat
1315 846 1450 900 gloria
1483 847 1584 888 iuris

466 918 520 958 At
554 918 645 959 sine
678 917 767 958 iure
800 931 949 971 parum
982 917 1134 958 Martia
1166 918 1282 959 bella
1312 918 1471 960 iuvant.

356 1115 742 1152 Bartholomaeus
774 1115 970 1152 Fontius
1001 1116 1261 1153 Matthiael
1301 1117 1500 1154 Corvino
1540 1117 1657 1165 Regi

818 1175 1057 1212 Pannonio
1075 1177 1087 1196 2
1126 1175 1164 1212 S.
1182 1178 1194 1197 3

380 1276 495 1327 Erat,
542 1275 723 1316 Matthia
770 1274 951 1316 Corvine
996 1288 1071 1316 rex
1118 1275 1412 1327 invictissime,
1458 1282 1605 1317 nostra
1654 1290 1752 1319 con-

260 1353 382 1387 stans
427 1346 469 1387 in
514 1347 618 1388 urbe
651 1346 780 1397 fama,
828 1346 1188 1399 quemadmodum
1232 1346 1439 1388 felicitate
1486 1360 1536 1388 ac
1582 1348 1750 1398 virtute,

259 1417 428 1459 validas
474 1418 587 1459 bello
632 1417 831 1458 nationes
878 1417 1118 1468 (lomueras,
1167 1423 1208 1458 et
1257 1430 1511 1470 quacunque
1560 1419 1751 1460 victricia

259 1489 385 1542 signa
419 1495 709 1541 converteras,
743 1488 921 1543 perinde
955 1494 1000 1528 ut
1033 1489 1141 1529 alter
1173 1489 1299 1539 Mars,
1333 1489 1533 1542 ingentes
1567 1489 1753 1531 hostium

259 1567 430 1614 strages
455 1573 625 1614 semper
649 1559 859 1601 edideras.
895 1559 983 1601 Sed
1016 1559 1219 1611 nondum,
1253 1573 1363 1613 quae
1397 1559 1551 1613 long-<34
1585 1561 1752 1615 potiora

259 1639 358 1672 sunt
393 1632 534 1683 armis,
570 1644 935 1685 cognoveramus:
970 1638 1015 1671 ut
1038 1631 1277 1672 fortitudini
1309 1632 1438 1672 animi
1471 1639 1513 1673 et
1546 1632 1752 1673 scientiae

259 1703 431 1744 militari
465 1701 651 1743 studium
685 1715 854 1755 quoque
878 1702 1114 1743 vehemens
1148 1700 1427 1744 adiunxeras⁵
1461 1703 1611 1744 artium
1647 1703 1753 1757 opti-

259 1787 434 1815 marum.
480 1774 636 1814 Verum
670 1787 723 1814 ex
756 1787 838 1826 quo
880 1773 1055 1814 Tadeus
1095 1773 1355 1826 Ugholettus
1395 1774 1458 1815 vir
1491 1773 1677 1815 disertus
1712 1781 1752 1815 et

258 1844 483 1887 eruditusG
530 1845 643 1886 hanc
676 1844 719 1885 111
753 1845 902 1886 urbem
937 1844 1151 1886 concessit
1191 1844 1244 1886 ad
1288 1851 1404 1885 tuam
1446 1845 1752 1886 bibliothecam

258 1916 582 1971 perficiendam,
598 1922 686 1956 tum
702 1929 802 1957 vero
820 1915 1023 1957 mirificus
1040 1915 1165 1957 ardor
1184 1916 1399 1957 Musarum
1415 1923 1457 1957 et
1473 1915 1617 1957 divina
1631 1929 1751 1958 mens

259 1996 332 2029 tua
354 1988 365 2010 7
399 1989 483 2029 ista
516 1989 682 2029 cunctis
715 1988 909 2028 innotuit.
944 1987 1153 2037 Quotiens
1187 1987 1299 2029 enim
1332 1987 1364 2028 F
1367 1988 1581 2029 lorentina
1602 1988 1752 2030 civitas

258 2074 353 2101 eum
390 2060 443 2101 de
478 2066 549 2100 tua
572 2058 840 2112 benignitate
873 2059 915 2099 in
950 2059 1145 2099 homines
1179 2058 1395 2100 studiosos
1432 2058 1572 2111 deque
1604 2059 1751 2100 rectis-

258 2132 459 2172 simarum
484 2131 636 2172 artium
658 2129 996 2184 reparandarum
1018 2130 1247 2170 immortali
1264 2130 1485 2171 voluntate
1507 2130 1751 2182 loquentem

258 2203 436 2254 audivit,
471 2203 630 2244 totiens
665 2208 730 2243 est
753 2215 857 2255 erga
890 2201 1161 2242 Maiestatem
1183 2201 1319 2242 Tuam
1342 2201 1582 2242 incredibili
1606 2214 1750 2242 amore

256 2272 559 2314 inflammata8
592 2279 634 2315 et
666 2271 760 2314 tui⁹
793 2271 1133 2326 magnitudinem
1167 2272 1297 2313 animi
1330 2272 1554 2314 admirata.
1595 2271 1677 2322 Qui
1708 2272 1751 2312 111

257 2345 390 2386 tantis
414 2345 692 2385 maximarum
715 2357 853 2384 rerum
879 2343 1145 2397 agendarum
1178 2342 1410 2385 molibus¹⁰
1443 2350 1485 2385 et
1514 2342 1751 2385 veterum¹l

384 2509 390 2527 ¹
422 2508 577 2543 Mathiae
618 2508 754 2552 (lejebb
794 2508 824 2541 is
865 2517 936 2552 egy
962 2507 1061 2549 t-vcl)
1104 2506 1139 2541 C.
1191 2506 1203 2525 ²²
1242 2506 1363 2541 Pcmn.
1401 2506 1574 2551 hianyzik
1613 2505 1751 2541 E-ben.

258 2568 292 2602 S.
311 2572 378 2602 etc.
403 2568 445 2601 Ε.
477 2568 488 2586 ³
508 2567 645 2611 „Opera
663 2566 947 2611 exquisitissima
961 2566 1091 2600 Barth.
1109 2565 1229 2600 Fonti.
1245 2566 1401 2600 Florent.
1418 2566 1459 2600 V.
1480 2566 1531 2600 Cl.
1547 2566 1748 2600 Familiaris

258 2628 430 2662 Matthiae
471 2627 583 2671 Regis
622 2627 899 2660 Pannoniarum.
927 2626 1064 2660 Ed...
1106 2625 1285 2670 Georgius
1324 2626 1470 2660 Remus.
1510 2624 1748 2659 Francofurti.

257 2687 472 2721 MDCXXU
505 2687 532 2720 E
559 2687 706 2720 kiadast
732 2685 844 2719 E-vel
868 2686 1045 2730 jeloltem,
1078 2685 1179 2719 C'-vel
1205 2685 1318 2730 pedig
1346 2696 1365 2718 a
1385 2684 1559 2729 bolognai
1580 2688 1751 2729 egyetem

256 2746 339 2779 382.
362 2746 486 2779 szann'i
514 2744 678 2786 codexet,
698 2745 794 2789 mely
812 2745 964 2779 Fontius
983 2744 1189 2779 leveleinek
1208 2741 1486 2789 gyiijtemenyet
1504 2743 1749 2777 tartalmazza.

261 2806 273 2823 ⁴
302 2805 404 2848 lcngse
436 2805 609 2848 hianyzik
646 2805 770 2839 (uben.
816 2804 828 2823 ὖ
855 2804 1060 2838 adiunxeris
1091 2804 1127 2837 C.
1174 2803 1186 2821 ⁶
1212 2815 1241 2837 v.
1261 2803 1293 2837 d.
1313 2805 1346 2837 et
1363 2814 1411 2837 er.
1452 2802 1463 2823 ⁷
1490 2805 1554 2836 tua
1579 2802 1752 2846 hianyzik

258 2863 393 2898 E-ben.
435 2864 447 2882 s
466 2864 649 2898 inflamata
672 2864 707 2897 C.
744 2863 757 2882 ⁹
783 2863 837 2897 tm:
855 2863 1028 2908 hianyzik
1051 2863 1175 2897 (ζ’-11011.
1219 2862 1247 2882 ¹⁰
1265 2863 1422 2897 molibus
1447 2861 1493 2895 E.
1536 2862 1563 2881 1¹
1587 2861 1752 2905 antiquo-

257 2934 334 2957 rum
370 2923 405 2957 C.
