<?xml version="1.0" encoding="UTF-8"?>
<!DOCTYPE html PUBLIC "-//W3C//DTD XHTML 1.0 Transitional//EN"
    "http://www.w3.org/TR/xhtml1/DTD/xhtml1-transitional.dtd">
<html xmlns="http://www.w3.org/1999/xhtml" xml:lang="en" lang="en">
 <head>
  <title>
</title>
<meta http-equiv="Content-Type" content="text/html;charset=utf-8" />
  <meta name='ocr-system' content='tesseract 3.04.00' />
  <meta name='ocr-capabilities' content='ocr_page ocr_carea ocr_par ocr_line ocrx_word'/>
</head>
<body>
  <div class='ocr_page' id='page_1' title='image "analectanovaadhi00beuoft_0412.png"; bbox 0 0 1919 3273; ppageno 0'>
   <div class='ocr_carea' id='block_1_1' title="bbox 345 133 415 170">
    <p class='ocr_par' dir='ltr' id='par_1_1' title="bbox 345 133 415 170">
     <span class='ocr_line' id='line_1_1' title="bbox 345 133 415 170; baseline -0.029 0"><span class='ocrx_word' id='word_1_1' title='bbox 345 133 415 170; x_wconf 83' lang='lat'>372</span> 
     </span>
    </p>
   </div>
   <div class='ocr_carea' id='block_1_2' title="bbox 490 354 558 387">
    <p class='ocr_par' dir='ltr' id='par_1_2' title="bbox 490 354 558 387">
     <span class='ocr_line' id='line_1_2' title="bbox 490 354 558 387; baseline 0 0"><span class='ocrx_word' id='word_1_2' title='bbox 490 354 558 387; x_wconf 89' lang='grc'>110</span> 
     </span>
    </p>
   </div>
   <div class='ocr_carea' id='block_1_3' title="bbox 493 709 559 743">
    <p class='ocr_par' dir='ltr' id='par_1_3' title="bbox 493 709 559 743">
     <span class='ocr_line' id='line_1_3' title="bbox 493 709 559 743; baseline -0.015 0"><span class='ocrx_word' id='word_1_3' title='bbox 493 709 559 743; x_wconf 87' lang='grc'>115</span> 
     </span>
    </p>
   </div>
   <div class='ocr_carea' id='block_1_4' title="bbox 496 1066 563 1099">
    <p class='ocr_par' dir='ltr' id='par_1_4' title="bbox 496 1066 563 1099">
     <span class='ocr_line' id='line_1_4' title="bbox 496 1066 563 1099; baseline 0 0"><span class='ocrx_word' id='word_1_4' title='bbox 496 1066 563 1099; x_wconf 82' lang='grc'>120</span> 
     </span>
    </p>
   </div>
   <div class='ocr_carea' id='block_1_5' title="bbox 500 1424 566 1457">
    <p class='ocr_par' dir='ltr' id='par_1_5' title="bbox 500 1424 566 1457">
     <span class='ocr_line' id='line_1_5' title="bbox 500 1424 566 1457; baseline -0.015 0"><span class='ocrx_word' id='word_1_5' title='bbox 500 1424 566 1457; x_wconf 79' lang='lat'>125</span> 
     </span>
    </p>
   </div>
   <div class='ocr_carea' id='block_1_6' title="bbox 505 1780 572 1814">
    <p class='ocr_par' dir='ltr' id='par_1_6' title="bbox 505 1780 572 1814">
     <span class='ocr_line' id='line_1_6' title="bbox 505 1780 572 1814; baseline 0 0"><span class='ocrx_word' id='word_1_6' title='bbox 505 1780 572 1814; x_wconf 89' lang='lat'>130</span> 
     </span>
    </p>
   </div>
   <div class='ocr_carea' id='block_1_7' title="bbox 507 2138 573 2171">
    <p class='ocr_par' dir='ltr' id='par_1_7' title="bbox 507 2138 573 2171">
     <span class='ocr_line' id='line_1_7' title="bbox 507 2138 573 2171; baseline 0 0"><span class='ocrx_word' id='word_1_7' title='bbox 507 2138 573 2171; x_wconf 85' lang='lat'>135</span> 
     </span>
    </p>
   </div>
   <div class='ocr_carea' id='block_1_8' title="bbox 511 2494 579 2528">
    <p class='ocr_par' dir='ltr' id='par_1_8' title="bbox 511 2494 579 2528">
     <span class='ocr_line' id='line_1_8' title="bbox 511 2494 579 2528; baseline 0 0"><span class='ocrx_word' id='word_1_8' title='bbox 511 2494 579 2528; x_wconf 88' lang='lat'>140</span> 
     </span>
    </p>
   </div>
   <div class='ocr_carea' id='block_1_9' title="bbox 515 2852 582 2886">
    <p class='ocr_par' dir='ltr' id='par_1_9' title="bbox 515 2852 582 2886">
     <span class='ocr_line' id='line_1_9' title="bbox 515 2852 582 2886; baseline -0.015 0"><span class='ocrx_word' id='word_1_9' title='bbox 515 2852 582 2886; x_wconf 87' lang='lat'>145</span> 
     </span>
    </p>
   </div>
   <div class='ocr_carea' id='block_1_10' title="bbox 605 271 1556 2956">
    <p class='ocr_par' dir='ltr' id='par_1_10' title="bbox 605 271 1461 397">
     <span class='ocr_line' id='line_1_10' title="bbox 605 271 1461 325; baseline 0 -12"><span class='ocrx_word' id='word_1_10' title='bbox 605 271 682 313; x_wconf 92' lang='lat' dir='ltr'>His</span> <span class='ocrx_word' id='word_1_11' title='bbox 715 271 855 324; x_wconf 88' lang='lat' dir='ltr'>dictis,</span> <span class='ocrx_word' id='word_1_12' title='bbox 889 271 995 314; x_wconf 90' lang='lat' dir='ltr'>socii</span> <span class='ocrx_word' id='word_1_13' title='bbox 1027 271 1178 314; x_wconf 88' lang='lat' dir='ltr'>ducem</span> <span class='ocrx_word' id='word_1_14' title='bbox 1214 278 1461 325; x_wconf 79' lang='lat' dir='ltr'>sequuntur,</span> 
     </span>
     <span class='ocr_line' id='line_1_11' title="bbox 606 343 1406 397; baseline -0.001 -12"><span class='ocrx_word' id='word_1_15' title='bbox 606 344 662 385; x_wconf 86' lang='lat' dir='ltr'>Et</span> <span class='ocrx_word' id='word_1_16' title='bbox 692 349 892 397; x_wconf 91' lang='lat' dir='ltr'>rumpunt</span> <span class='ocrx_word' id='word_1_17' title='bbox 924 343 1096 384; x_wconf 91' lang='lat' dir='ltr'>inimica</span> <span class='ocrx_word' id='word_1_18' title='bbox 1129 348 1272 385; x_wconf 88' lang='lat' dir='ltr'>castra</span> <span class='ocrx_word' id='word_1_19' title='bbox 1305 344 1406 384; x_wconf 85' lang='lat' dir='ltr'>sevi.</span> 
     </span>
    </p>

    <p class='ocr_par' dir='ltr' id='par_1_11' title="bbox 606 414 1549 1394">
     <span class='ocr_line' id='line_1_12' title="bbox 606 414 1421 469; baseline -0.002 -12"><span class='ocrx_word' id='word_1_20' title='bbox 606 414 641 457; x_wconf 88' lang='lat' dir='ltr'>O</span> <span class='ocrx_word' id='word_1_21' title='bbox 675 428 801 467; x_wconf 89' lang='lat' dir='ltr'>quam</span> <span class='ocrx_word' id='word_1_22' title='bbox 834 414 1080 469; x_wconf 86' lang='lat' dir='ltr'>prevalidus</span> <span class='ocrx_word' id='word_1_23' title='bbox 1114 414 1301 455; x_wconf 81' lang='lat' dir='ltr'><strong>micabat</strong></span> <span class='ocrx_word' id='word_1_24' title='bbox 1334 415 1421 455; x_wconf 87' lang='lat' dir='ltr'>acri</span> 
     </span>
     <span class='ocr_line' id='line_1_13' title="bbox 607 485 1443 540; baseline -0.001 -13"><span class='ocrx_word' id='word_1_25' title='bbox 607 485 885 527; x_wconf 87' lang='lat' dir='ltr'>Vuladislaus</span> <span class='ocrx_word' id='word_1_26' title='bbox 919 498 1042 539; x_wconf 89' lang='lat' dir='ltr'>equo,</span> <span class='ocrx_word' id='word_1_27' title='bbox 1077 498 1204 527; x_wconf 91' lang='lat' dir='ltr'>secus</span> <span class='ocrx_word' id='word_1_28' title='bbox 1236 499 1318 527; x_wconf 92' lang='lat' dir='ltr'>nec</span> <span class='ocrx_word' id='word_1_29' title='bbox 1349 485 1443 540; x_wconf 86' lang='lat' dir='ltr'>ipsc</span> 
     </span>
     <span class='ocr_line' id='line_1_14' title="bbox 608 556 1542 611; baseline 0.001 -14"><span class='ocrx_word' id='word_1_30' title='bbox 608 556 745 606; x_wconf 80' lang='lat' dir='ltr'>Quam</span> <span class='ocrx_word' id='word_1_31' title='bbox 779 557 815 598; x_wconf 89' lang='lat' dir='ltr'>si</span> <span class='ocrx_word' id='word_1_32' title='bbox 846 556 1055 610; x_wconf 89' lang='lat' dir='ltr'>belligero</span> <span class='ocrx_word' id='word_1_33' title='bbox 1089 563 1206 598; x_wconf 90' lang='lat' dir='ltr'>esset</span> <span class='ocrx_word' id='word_1_34' title='bbox 1237 557 1279 598; x_wconf 92' lang='lat' dir='ltr'>in</span> <span class='ocrx_word' id='word_1_35' title='bbox 1312 557 1542 611; x_wconf 83' lang='lat' dir='ltr'>Melampo,</span> 
     </span>
     <span class='ocr_line' id='line_1_15' title="bbox 611 627 1339 681; baseline 0 -12"><span class='ocrx_word' id='word_1_36' title='bbox 611 627 812 681; x_wconf 82' lang='lat' dir='ltr'>Gargano</span> <span class='ocrx_word' id='word_1_37' title='bbox 844 628 991 679; x_wconf 88' lang='lat' dir='ltr'>veluti,</span> <span class='ocrx_word' id='word_1_38' title='bbox 1025 628 1194 669; x_wconf 84' lang='lat' dir='ltr'>timeret</span> <span class='ocrx_word' id='word_1_39' title='bbox 1225 627 1339 669; x_wconf 89' lang='lat' dir='ltr'>idem</span> 
     </span>
     <span class='ocr_line' id='line_1_16' title="bbox 609 698 1481 753; baseline -0.001 -13"><span class='ocrx_word' id='word_1_40' title='bbox 609 699 824 749; x_wconf 88' lang='lat' dir='ltr'>Xanthus,</span> <span class='ocrx_word' id='word_1_41' title='bbox 859 698 1067 753; x_wconf 85' lang='lat' dir='ltr'>Cyllarus,</span> <span class='ocrx_word' id='word_1_42' title='bbox 1102 706 1175 740; x_wconf 91' lang='lat' dir='ltr'>aut</span> <span class='ocrx_word' id='word_1_43' title='bbox 1206 699 1337 741; x_wconf 87' lang='lat' dir='ltr'>Arion</span> <span class='ocrx_word' id='word_1_44' title='bbox 1370 700 1481 740; x_wconf 85' lang='lat' dir='ltr'>acris</span> 
     </span>
     <span class='ocr_line' id='line_1_17' title="bbox 610 770 1454 824; baseline 0 -13"><span class='ocrx_word' id='word_1_45' title='bbox 610 771 807 812; x_wconf 82' lang='lat' dir='ltr'><strong>Donatus</strong></span> <span class='ocrx_word' id='word_1_46' title='bbox 839 771 986 824; x_wconf 82' lang='lat' dir='ltr'>pelagi</span> <span class='ocrx_word' id='word_1_47' title='bbox 1019 771 1138 821; x_wconf 83' lang='lat' dir='ltr'>De03</span> <span class='ocrx_word' id='word_1_48' title='bbox 1174 770 1273 823; x_wconf 92' lang='lat' dir='ltr'>quid</span> <span class='ocrx_word' id='word_1_49' title='bbox 1307 771 1419 811; x_wconf 88' lang='lat' dir='ltr'>ultra</span> <span class='ocrx_word' id='word_1_50' title='bbox 1433 770 1454 811; x_wconf 69' lang='grc' dir='ltr'>ἶ)</span> 
     </span>
     <span class='ocr_line' id='line_1_18' title="bbox 609 841 1487 894; baseline 0 -12"><span class='ocrx_word' id='word_1_51' title='bbox 609 841 865 883; x_wconf 87' lang='lat' dir='ltr'>Infrendens</span> <span class='ocrx_word' id='word_1_52' title='bbox 898 841 1145 882; x_wconf 88' lang='lat' dir='ltr'>stimulabat</span> <span class='ocrx_word' id='word_1_53' title='bbox 1177 855 1252 883; x_wconf 85' lang='lat' dir='ltr'>ora</span> <span class='ocrx_word' id='word_1_54' title='bbox 1283 842 1487 894; x_wconf 65' lang='lat' dir='ltr'>prudens,</span> 
     </span>
     <span class='ocr_line' id='line_1_19' title="bbox 610 913 1549 966; baseline -0.002 -13"><span class='ocrx_word' id='word_1_55' title='bbox 610 913 916 965; x_wconf 85' lang='lat' dir='ltr'>Ferratamque</span> <span class='ocrx_word' id='word_1_56' title='bbox 950 913 1100 964; x_wconf 81' lang='lat' dir='ltr'>aciem,</span> <span class='ocrx_word' id='word_1_57' title='bbox 1134 913 1358 966; x_wconf 89' lang='lat' dir='ltr'>premebat</span> <span class='ocrx_word' id='word_1_58' title='bbox 1390 913 1549 954; x_wconf 88' lang='lat' dir='ltr'>hostes.</span> 
     </span>
     <span class='ocr_line' id='line_1_20' title="bbox 612 983 1466 1038; baseline -0.001 -13"><span class='ocrx_word' id='word_1_59' title='bbox 612 984 820 1038; x_wconf 82' lang='lat' dir='ltr'>Princeps</span> <span class='ocrx_word' id='word_1_60' title='bbox 852 997 938 1025; x_wconf 92' lang='lat' dir='ltr'>non</span> <span class='ocrx_word' id='word_1_61' title='bbox 971 984 1096 1025; x_wconf 88' lang='lat' dir='ltr'>aliter</span> <span class='ocrx_word' id='word_1_62' title='bbox 1126 983 1273 1026; x_wconf 89' lang='lat' dir='ltr'>videre</span> <span class='ocrx_word' id='word_1_63' title='bbox 1306 997 1466 1037; x_wconf 85' lang='lat' dir='ltr'>gnarus</span> 
     </span>
     <span class='ocr_line' id='line_1_21' title="bbox 612 1055 1462 1109; baseline 0 -13"><span class='ocrx_word' id='word_1_64' title='bbox 612 1056 765 1109; x_wconf 88' lang='lat' dir='ltr'>Asper,</span> <span class='ocrx_word' id='word_1_65' title='bbox 797 1055 1012 1107; x_wconf 88' lang='lat' dir='ltr'>terribilis,</span> <span class='ocrx_word' id='word_1_66' title='bbox 1045 1055 1203 1109; x_wconf 84' lang='lat' dir='ltr'>gravis,</span> <span class='ocrx_word' id='word_1_67' title='bbox 1248 1061 1462 1107; x_wconf 86' lang='lat' dir='ltr'>cruentus,</span> 
     </span>
     <span class='ocr_line' id='line_1_22' title="bbox 612 1126 1474 1180; baseline -0.003 -11"><span class='ocrx_word' id='word_1_68' title='bbox 612 1127 669 1169; x_wconf 93' lang='lat' dir='ltr'>Ut</span> <span class='ocrx_word' id='word_1_69' title='bbox 701 1140 795 1169; x_wconf 84' lang='lat' dir='ltr'>cum</span> <span class='ocrx_word' id='word_1_70' title='bbox 828 1126 942 1168; x_wconf 85' lang='lat' dir='ltr'>Mars</span> <span class='ocrx_word' id='word_1_71' title='bbox 975 1127 1127 1180; x_wconf 81' lang='lat' dir='ltr'>geticis</span> <span class='ocrx_word' id='word_1_72' title='bbox 1159 1133 1343 1180; x_wconf 86' lang='lat' dir='ltr'>vagatur</span> <span class='ocrx_word' id='word_1_73' title='bbox 1375 1126 1474 1173; x_wconf 76' lang='lat' dir='ltr'>oris,</span> 
     </span>
     <span class='ocr_line' id='line_1_23' title="bbox 613 1198 1406 1249; baseline -0.003 -8"><span class='ocrx_word' id='word_1_74' title='bbox 613 1199 802 1241; x_wconf 87' lang='lat' dir='ltr'>Hebrum</span> <span class='ocrx_word' id='word_1_75' title='bbox 835 1198 1081 1240; x_wconf 87' lang='lat' dir='ltr'>transiliens</span> <span class='ocrx_word' id='word_1_76' title='bbox 1112 1198 1216 1240; x_wconf 90' lang='lat' dir='ltr'>rotis</span> <span class='ocrx_word' id='word_1_77' title='bbox 1250 1198 1406 1249; x_wconf 90' lang='lat' dir='ltr'>citatis,</span> 
     </span>
     <span class='ocr_line' id='line_1_24' title="bbox 614 1269 1391 1324; baseline -0.001 -13"><span class='ocrx_word' id='word_1_78' title='bbox 614 1269 793 1311; x_wconf 86' lang='lat' dir='ltr'>Indutus</span> <span class='ocrx_word' id='word_1_79' title='bbox 826 1270 1010 1324; x_wconf 86' lang='lat' dir='ltr'>galeam,</span> <span class='ocrx_word' id='word_1_80' title='bbox 1044 1269 1158 1322; x_wconf 84' lang='lat' dir='ltr'>furit,</span> <span class='ocrx_word' id='word_1_81' title='bbox 1192 1269 1391 1324; x_wconf 82' lang='lat' dir='ltr'>patescit,</span> 
     </span>
     <span class='ocr_line' id='line_1_25' title="bbox 618 1340 1397 1394; baseline -0.003 -11"><span class='ocrx_word' id='word_1_82' title='bbox 618 1342 894 1394; x_wconf 86' lang='lat' dir='ltr'>Conatusque</span> <span class='ocrx_word' id='word_1_83' title='bbox 926 1354 1061 1383; x_wconf 89' lang='lat' dir='ltr'>novos</span> <span class='ocrx_word' id='word_1_84' title='bbox 1093 1340 1242 1382; x_wconf 85' lang='lat' dir='ltr'>furens</span> <span class='ocrx_word' id='word_1_85' title='bbox 1274 1340 1397 1391; x_wconf 87' lang='lat' dir='ltr'>Enio,</span> 
     </span>
    </p>

    <p class='ocr_par' dir='ltr' id='par_1_12' title="bbox 616 1411 1495 1740">
     <span class='ocr_line' id='line_1_26' title="bbox 616 1411 1495 1466; baseline 0 -12"><span class='ocrx_word' id='word_1_86' title='bbox 616 1413 701 1454; x_wconf 91' lang='lat' dir='ltr'>Aut</span> <span class='ocrx_word' id='word_1_87' title='bbox 731 1413 912 1454; x_wconf 85' lang='lat' dir='ltr'>Bellona</span> <span class='ocrx_word' id='word_1_88' title='bbox 945 1426 1063 1454; x_wconf 90' lang='lat' dir='ltr'>soror</span> <span class='ocrx_word' id='word_1_89' title='bbox 1096 1413 1232 1465; x_wconf 89' lang='lat' dir='ltr'>quatit</span> <span class='ocrx_word' id='word_1_90' title='bbox 1264 1411 1495 1466; x_wconf 88' lang='lat' dir='ltr'>flagellum.</span> 
     </span>
     <span class='ocr_line' id='line_1_27' title="bbox 617 1484 1435 1538; baseline -0.002 -12"><span class='ocrx_word' id='word_1_91' title='bbox 617 1485 721 1526; x_wconf 91' lang='lat' dir='ltr'>Post</span> <span class='ocrx_word' id='word_1_92' title='bbox 753 1484 867 1526; x_wconf 92' lang='lat' dir='ltr'>hunc</span> <span class='ocrx_word' id='word_1_93' title='bbox 900 1484 1064 1538; x_wconf 87' lang='lat' dir='ltr'>egregii</span> <span class='ocrx_word' id='word_1_94' title='bbox 1097 1484 1179 1525; x_wconf 92' lang='lat' dir='ltr'>duo</span> <span class='ocrx_word' id='word_1_95' title='bbox 1212 1484 1435 1525; x_wconf 86' lang='lat' dir='ltr'>merebant</span> 
     </span>
     <span class='ocr_line' id='line_1_28' title="bbox 617 1555 1388 1597; baseline -0.003 0"><span class='ocrx_word' id='word_1_96' title='bbox 617 1556 871 1597; x_wconf 88' lang='lat' dir='ltr'>Prestantes</span> <span class='ocrx_word' id='word_1_97' title='bbox 904 1556 1027 1597; x_wconf 86' lang='lat' dir='ltr'>Latio</span> <span class='ocrx_word' id='word_1_98' title='bbox 1062 1555 1217 1597; x_wconf 91' lang='lat' dir='ltr'>decore</span> <span class='ocrx_word' id='word_1_99' title='bbox 1250 1555 1388 1596; x_wconf 87' lang='lat' dir='ltr'>forma</span> 
     </span>
     <span class='ocr_line' id='line_1_29' title="bbox 618 1626 1491 1680; baseline -0.002 -12"><span class='ocrx_word' id='word_1_100' title='bbox 618 1627 812 1668; x_wconf 86' lang='lat' dir='ltr'>Romana</span> <span class='ocrx_word' id='word_1_101' title='bbox 844 1626 989 1680; x_wconf 89' lang='lat' dir='ltr'>effigie</span> <span class='ocrx_word' id='word_1_102' title='bbox 1022 1626 1165 1668; x_wconf 91' lang='lat' dir='ltr'>indole</span> <span class='ocrx_word' id='word_1_103' title='bbox 1199 1632 1242 1667; x_wconf 91' lang='lat' dir='ltr'>et</span> <span class='ocrx_word' id='word_1_104' title='bbox 1274 1631 1491 1680; x_wconf 79' lang='lat' dir='ltr'>nepotum,</span> 
     </span>
     <span class='ocr_line' id='line_1_30' title="bbox 620 1697 1280 1740; baseline -0.002 -1"><span class='ocrx_word' id='word_1_105' title='bbox 620 1698 743 1739; x_wconf 87' lang='lat' dir='ltr'>Banfi</span> <span class='ocrx_word' id='word_1_106' title='bbox 777 1698 951 1740; x_wconf 83' lang='lat' dir='ltr'>Canisai</span> <span class='ocrx_word' id='word_1_107' title='bbox 982 1697 1104 1740; x_wconf 89' lang='lat' dir='ltr'>ducis</span> <span class='ocrx_word' id='word_1_108' title='bbox 1138 1697 1280 1739; x_wconf 91' lang='lat' dir='ltr'>sereni</span> 
     </span>
    </p>

    <p class='ocr_par' dir='ltr' id='par_1_13' title="bbox 621 1765 1441 2035">
     <span class='ocr_line' id='line_1_31' title="bbox 621 1765 1441 1822; baseline -0.001 -12"><span class='ocrx_word' id='word_1_109' title='bbox 621 1769 791 1811; x_wconf 79' lang='lat' dir='ltr'>Inmixti</span> <span class='ocrx_word' id='word_1_110' title='bbox 822 1769 1056 1811; x_wconf 89' lang='lat' dir='ltr'>Nicholaus</span> <span class='ocrx_word' id='word_1_111' title='bbox 1091 1775 1133 1810; x_wconf 90' lang='lat' dir='ltr'>et</span> <span class='ocrx_word' id='word_1_112' title='bbox 1166 1768 1361 1822; x_wconf 78' lang='lat' dir='ltr'>Georgus</span> <span class='ocrx_word' id='word_1_113' title='bbox 1385 1765 1441 1822; x_wconf 81' lang='lat'><em>(1).</em></span> 
     </span>
     <span class='ocr_line' id='line_1_32' title="bbox 622 1839 1411 1896; baseline -0.003 -14"><span class='ocrx_word' id='word_1_114' title='bbox 622 1841 733 1896; x_wconf 86' lang='lat' dir='ltr'>Spes</span> <span class='ocrx_word' id='word_1_115' title='bbox 765 1841 944 1883; x_wconf 88' lang='lat' dir='ltr'>victoria</span> <span class='ocrx_word' id='word_1_116' title='bbox 975 1841 1100 1882; x_wconf 87' lang='lat' dir='ltr'>turba</span> <span class='ocrx_word' id='word_1_117' title='bbox 1131 1853 1217 1882; x_wconf 90' lang='lat' dir='ltr'>non</span> <span class='ocrx_word' id='word_1_118' title='bbox 1249 1839 1411 1894; x_wconf 91' lang='lat' dir='ltr'>pericli.</span> 
     </span>
     <span class='ocr_line' id='line_1_33' title="bbox 621 1912 1387 1964; baseline -0.003 -11"><span class='ocrx_word' id='word_1_119' title='bbox 621 1912 834 1955; x_wconf 87' lang='lat' dir='ltr'>Invadunt</span> <span class='ocrx_word' id='word_1_120' title='bbox 865 1912 998 1964; x_wconf 85' lang='lat' dir='ltr'>acies,</span> <span class='ocrx_word' id='word_1_121' title='bbox 1033 1925 1133 1953; x_wconf 89' lang='lat' dir='ltr'>suos</span> <span class='ocrx_word' id='word_1_122' title='bbox 1166 1912 1387 1954; x_wconf 89' lang='lat' dir='ltr'>lacessunt</span> 
     </span>
     <span class='ocr_line' id='line_1_34' title="bbox 623 1982 1385 2035; baseline -0.003 -10"><span class='ocrx_word' id='word_1_123' title='bbox 623 1984 796 2035; x_wconf 89' lang='lat' dir='ltr'>Hostes,</span> <span class='ocrx_word' id='word_1_124' title='bbox 829 1982 1015 2025; x_wconf 89' lang='lat' dir='ltr'>horrifici</span> <span class='ocrx_word' id='word_1_125' title='bbox 1046 1990 1173 2024; x_wconf 91' lang='lat' dir='ltr'>ruunt</span> <span class='ocrx_word' id='word_1_126' title='bbox 1204 1982 1385 2024; x_wconf 90' lang='lat' dir='ltr'>Bohemi</span> 
     </span>
    </p>

    <p class='ocr_par' dir='ltr' id='par_1_14' title="bbox 624 2055 1556 2956">
     <span class='ocr_line' id='line_1_35' title="bbox 624 2055 1488 2107; baseline -0.003 -11"><span class='ocrx_word' id='word_1_127' title='bbox 624 2056 672 2097; x_wconf 88' lang='lat' dir='ltr'>In</span> <span class='ocrx_word' id='word_1_128' title='bbox 704 2056 881 2107; x_wconf 89' lang='lat' dir='ltr'>Turcos,</span> <span class='ocrx_word' id='word_1_129' title='bbox 914 2055 1035 2096; x_wconf 88' lang='lat' dir='ltr'>furiis</span> <span class='ocrx_word' id='word_1_130' title='bbox 1068 2055 1293 2096; x_wconf 82' lang='lat' dir='ltr'>trahuntur</span> <span class='ocrx_word' id='word_1_131' title='bbox 1326 2067 1488 2095; x_wconf 71' lang='lat' dir='ltr'>omnes</span> 
     </span>
     <span class='ocr_line' id='line_1_36' title="bbox 627 2125 1452 2176; baseline -0.004 -8"><span class='ocrx_word' id='word_1_132' title='bbox 627 2127 822 2176; x_wconf 75' lang='lat' dir='ltr'>Quantus</span> <span class='ocrx_word' id='word_1_133' title='bbox 854 2126 1059 2167; x_wconf 86' lang='lat' dir='ltr'>Bistoniis</span> <span class='ocrx_word' id='word_1_134' title='bbox 1092 2126 1306 2167; x_wconf 86' lang='lat' dir='ltr'>Gradivus</span> <span class='ocrx_word' id='word_1_135' title='bbox 1338 2125 1452 2166; x_wconf 83' lang='lat' dir='ltr'>arvis</span> 
     </span>
     <span class='ocr_line' id='line_1_37' title="bbox 625 2198 1480 2252; baseline -0.002 -14"><span class='ocrx_word' id='word_1_136' title='bbox 625 2198 776 2240; x_wconf 82' lang='lat' dir='ltr'>Fertur</span> <span class='ocrx_word' id='word_1_137' title='bbox 806 2198 1016 2252; x_wconf 87' lang='lat' dir='ltr'>belligero</span> <span class='ocrx_word' id='word_1_138' title='bbox 1049 2210 1148 2238; x_wconf 90' lang='lat' dir='ltr'>aere</span> <span class='ocrx_word' id='word_1_139' title='bbox 1181 2202 1269 2237; x_wconf 90' lang='lat' dir='ltr'>tam</span> <span class='ocrx_word' id='word_1_140' title='bbox 1302 2208 1480 2237; x_wconf 89' lang='lat' dir='ltr'>corusco</span> 
     </span>
     <span class='ocr_line' id='line_1_38' title="bbox 627 2266 1539 2320; baseline -0.004 -10"><span class='ocrx_word' id='word_1_141' title='bbox 627 2270 773 2320; x_wconf 85' lang='lat' dir='ltr'>Curru,</span> <span class='ocrx_word' id='word_1_142' title='bbox 808 2282 902 2310; x_wconf 83' lang='lat' dir='ltr'>culn</span> <span class='ocrx_word' id='word_1_143' title='bbox 936 2269 1096 2310; x_wconf 89' lang='lat' dir='ltr'>domuit</span> <span class='ocrx_word' id='word_1_144' title='bbox 1129 2267 1302 2309; x_wconf 88' lang='lat' dir='ltr'>chorum</span> <span class='ocrx_word' id='word_1_145' title='bbox 1334 2266 1539 2308; x_wconf 85' lang='lat' dir='ltr'>rebellem</span> 
     </span>
     <span class='ocr_line' id='line_1_39' title="bbox 630 2338 1396 2390; baseline -0.005 -8"><span class='ocrx_word' id='word_1_146' title='bbox 630 2343 680 2382; x_wconf 86' lang='lat' dir='ltr'>Et</span> <span class='ocrx_word' id='word_1_147' title='bbox 714 2340 966 2382; x_wconf 88' lang='lat' dir='ltr'>stridoribus</span> <span class='ocrx_word' id='word_1_148' title='bbox 1000 2340 1093 2380; x_wconf 82' lang='lat' dir='ltr'>axis</span> <span class='ocrx_word' id='word_1_149' title='bbox 1126 2338 1396 2390; x_wconf 88' lang='lat' dir='ltr'>horridisque</span> 
     </span>
     <span class='ocr_line' id='line_1_40' title="bbox 628 2410 1444 2465; baseline -0.004 -12"><span class='ocrx_word' id='word_1_150' title='bbox 628 2412 806 2454; x_wconf 87' lang='lat' dir='ltr'>Titanes</span> <span class='ocrx_word' id='word_1_151' title='bbox 840 2424 1041 2465; x_wconf 89' lang='lat' dir='ltr'>superum</span> <span class='ocrx_word' id='word_1_152' title='bbox 1072 2410 1215 2452; x_wconf 89' lang='lat' dir='ltr'>Iovem</span> <span class='ocrx_word' id='word_1_153' title='bbox 1248 2410 1444 2451; x_wconf 86' lang='lat' dir='ltr'>volentes</span> 
     </span>
     <span class='ocr_line' id='line_1_41' title="bbox 628 2480 1478 2537; baseline -0.006 -12"><span class='ocrx_word' id='word_1_154' title='bbox 628 2484 777 2537; x_wconf 86' lang='lat' dir='ltr'>Regno</span> <span class='ocrx_word' id='word_1_155' title='bbox 810 2482 995 2532; x_wconf 88' lang='lat' dir='ltr'>trudere,</span> <span class='ocrx_word' id='word_1_156' title='bbox 1029 2494 1124 2523; x_wconf 87' lang='lat' dir='ltr'>cum</span> <span class='ocrx_word' id='word_1_157' title='bbox 1157 2480 1341 2521; x_wconf 91' lang='lat' dir='ltr'>docebat</span> <span class='ocrx_word' id='word_1_158' title='bbox 1372 2481 1478 2521; x_wconf 85' lang='lat' dir='ltr'>iram</span> 
     </span>
     <span class='ocr_line' id='line_1_42' title="bbox 628 2551 1488 2607; baseline -0.006 -11"><span class='ocrx_word' id='word_1_159' title='bbox 628 2555 785 2596; x_wconf 83' lang='lat' dir='ltr'>Fastus</span> <span class='ocrx_word' id='word_1_160' title='bbox 816 2552 1027 2607; x_wconf 89' lang='lat' dir='ltr'>Principis</span> <span class='ocrx_word' id='word_1_161' title='bbox 1060 2551 1267 2593; x_wconf 82' lang='lat' dir='ltr'>adnotare</span> <span class='ocrx_word' id='word_1_162' title='bbox 1300 2551 1488 2604; x_wconf 83' lang='lat' dir='ltr'>longum,</span> 
     </span>
     <span class='ocr_line' id='line_1_43' title="bbox 629 2622 1556 2678; baseline -0.006 -11"><span class='ocrx_word' id='word_1_163' title='bbox 629 2626 772 2667; x_wconf 86' lang='lat' dir='ltr'>Virtus</span> <span class='ocrx_word' id='word_1_164' title='bbox 805 2630 966 2678; x_wconf 87' lang='lat' dir='ltr'>quanta</span> <span class='ocrx_word' id='word_1_165' title='bbox 997 2623 1090 2674; x_wconf 87' lang='lat' dir='ltr'>fuit,</span> <span class='ocrx_word' id='word_1_166' title='bbox 1125 2622 1342 2675; x_wconf 88' lang='lat' dir='ltr'>decusque</span> <span class='ocrx_word' id='word_1_167' title='bbox 1375 2629 1556 2675; x_wconf 90' lang='lat' dir='ltr'>partum.</span> 
     </span>
     <span class='ocr_line' id='line_1_44' title="bbox 630 2694 1402 2750; baseline -0.008 -11"><span class='ocrx_word' id='word_1_168' title='bbox 630 2697 722 2739; x_wconf 89' lang='lat' dir='ltr'>Illic</span> <span class='ocrx_word' id='word_1_169' title='bbox 753 2696 928 2750; x_wconf 89' lang='lat' dir='ltr'>percipe</span> <span class='ocrx_word' id='word_1_170' title='bbox 962 2695 1079 2736; x_wconf 90' lang='lat' dir='ltr'>solus</span> <span class='ocrx_word' id='word_1_171' title='bbox 1111 2694 1221 2734; x_wconf 89' lang='lat' dir='ltr'>inter</span> <span class='ocrx_word' id='word_1_172' title='bbox 1254 2705 1402 2734; x_wconf 92' lang='lat' dir='ltr'>omnes</span> 
     </span>
     <span class='ocr_line' id='line_1_45' title="bbox 634 2763 1456 2819; baseline -0.004 -12"><span class='ocrx_word' id='word_1_173' title='bbox 634 2768 910 2810; x_wconf 85' lang='lat' dir='ltr'>Vuladislaus</span> <span class='ocrx_word' id='word_1_174' title='bbox 945 2771 1036 2807; x_wconf 89' lang='lat' dir='ltr'>erat</span> <span class='ocrx_word' id='word_1_175' title='bbox 1068 2771 1223 2819; x_wconf 83' lang='lat' dir='ltr'>potens</span> <span class='ocrx_word' id='word_1_176' title='bbox 1257 2763 1456 2805; x_wconf 91' lang='lat' dir='ltr'>cohortes</span> 
     </span>
     <span class='ocr_line' id='line_1_46' title="bbox 635 2836 1530 2893; baseline -0.009 -11"><span class='ocrx_word' id='word_1_177' title='bbox 635 2840 814 2893; x_wconf 86' lang='lat' dir='ltr'>Strages</span> <span class='ocrx_word' id='word_1_178' title='bbox 847 2844 1007 2891; x_wconf 87' lang='lat' dir='ltr'>quanta</span> <span class='ocrx_word' id='word_1_179' title='bbox 1038 2836 1131 2887; x_wconf 87' lang='lat' dir='ltr'>fuit,</span> <span class='ocrx_word' id='word_1_180' title='bbox 1164 2836 1340 2888; x_wconf 66' lang='lat' dir='ltr'>fereque</span> <span class='ocrx_word' id='word_1_181' title='bbox 1373 2842 1530 2875; x_wconf 88' lang='lat' dir='ltr'>mortes</span> 
     </span>
     <span class='ocr_line' id='line_1_47' title="bbox 635 2905 1533 2956; baseline -0.008 -3"><span class='ocrx_word' id='word_1_182' title='bbox 635 2911 780 2953; x_wconf 83' lang='lat' dir='ltr'>Testis</span> <span class='ocrx_word' id='word_1_183' title='bbox 813 2908 1096 2951; x_wconf 89' lang='lat' dir='ltr'>Danubianus</span> <span class='ocrx_word' id='word_1_184' title='bbox 1127 2907 1286 2949; x_wconf 86' lang='lat' dir='ltr'>rubens</span> <span class='ocrx_word' id='word_1_185' title='bbox 1318 2906 1362 2947; x_wconf 91' lang='lat' dir='ltr'>in</span> <span class='ocrx_word' id='word_1_186' title='bbox 1393 2905 1533 2956; x_wconf 89' lang='lat' dir='ltr'>undis,</span> 
     </span>
    </p>
   </div>
  </div>
 </body>
</html>
