1919 3273
1488 120 1556 153 401

68 285 144 326 Ad
166 285 344 326 eumlem
366 283 511 326 divum
542 283 836 326 Vuladislaum
864 283 1094 337 Hmzqarie
1116 289 1153 326 et
1178 285 1376 327 Bohemz'e
1397 285 1553 340 Royem

61 355 206 409 pium,
236 354 423 407 foelicem
457 359 493 396 et
525 368 687 407 semper
717 353 934 406 inviotmu,
971 355 1019 396 de
1041 354 1170 397 lititz‘a
1193 355 1244 408 (l)
1274 355 1556 398 coronationis

124 1194 169 1227 10

125 1548 168 1581 15

130 1903 174 1938 20

128 2260 173 2293 25

122 2613 176 2648 ⁴30

220 425 364 480 Reym'
394 424 625 480 Hzmyarie
657 423 802 466 habita
833 424 882 466 in
913 425 1024 466 Alba
1055 425 1219 481 Rcyalz‘.
1250 426 1413 480 Ele-qia.

222 543 359 593 Quam
392 543 469 584 tibi
499 544 614 584 laute
649 543 741 584 dies
765 543 964 597 princeps
985 544 1270 597 pulcherrima
1290 545 1407 597 luxit,

281 614 451 664 Quanta
484 613 576 654 dies
611 613 741 654 arabo
775 614 966 667 gramine
1002 615 1116 655 culta
1148 622 1304 658 manet.

222 686 393 736 Quanta
426 685 504 725 fuit
537 683 727 737 Cylicum
763 685 1043 726 celeberrima
1074 687 1286 727 messibus
1317 688 1402 737 illa,

280 756 452 806 Quanta
483 755 562 796 fuit
594 755 752 796 Pharia
783 756 855 796 lux
888 757 1136 797 renovanda
1167 771 1276 799 rosa.

223 827 478 879 Quantaque
510 826 806 867 Pannonicum
839 826 1086 868 dulcissima
1116 841 1216 869 cura
1248 835 1425 881 tuorum,

281 899 360 939 Illa
394 898 486 939 dies
521 898 686 938 steterit
719 910 826 949 gens
860 898 971 939 bene
1005 904 1128 952 parta
1159 905 1290 941 tenet.

224 969 258 1011 Ο
291 970 363 1010 lux
396 969 570 1022 Assyrio
606 981 776 1022 semper
807 968 1070 1010 redolentior
1100 969 1236 1022 horto7

282 1041 374 1081 Lux
408 1047 449 1082 et
483 1039 702 1093 Erythreis
735 1039 878 1081 vivere
913 1039 1045 1093 digna
1076 1041 1200 1083 notis.

225 1111 435 1166 Splendet
465 1112 508 1152 in
532 1110 745 1151 ambrosio
779 1110 979 1164 perfusus
1000 1117 1173 1153 nectare
1206 1113 1418 1167 princeps,

284 1183 337 1223 Et
368 1182 523 1235 flagrat
556 1182 683 1234 Tyrio
717 1181 875 1222 murice
907 1181 1045 1223 forma
1077 1182 1210 1224 ducis.

224 1254 394 1296 Plaudit
418 1261 459 1294 et
481 1254 524 1294 in
547 1266 693 1306 regem
714 1253 798 1293 iam
821 1253 904 1294 iam
926 1260 1049 1294 vetus
1082 1254 1192 1295 Alba
1215 1268 1423 1301 serenum

282 1325 574 1378 Regalemque
607 1324 714 1378 petit
745 1324 869 1365 turba
901 1330 1049 1377 togata
1083 1325 1263 1367 domum.

225 1396 373 1446 Qualis
408 1401 449 1437 et
481 1395 524 1435 in
549 1395 750 1449 populum
785 1395 918 1436 crevit
941 1408 1053 1435 nunc
1075 1396 1210 1448 gloria
1231 1403 1416 1437 vestrum

284 1466 431 1508 Omnis
466 1465 598 1507 habet
631 1466 832 1519 princeps
864 1466 948 1506 iam
982 1479 1059 1506 sua
1093 1466 1204 1507 dona
1237 1466 1341 1508 dies.

226 1536 320 1586 Qua
343 1543 548 1591 cuperent
573 1536 732 1577 domini
756 1549 1034 1589 quoscunque
1058 1537 1260 1578 habuisse
1284 1537 1518 1592 triumphos

286 1608 442 1650 sanius
475 1607 671 1661 Augusti,
706 1620 787 1659 que
821 1607 897 1648 tibi
929 1613 1049 1648 tanta
1079 1607 1207 1661 viget.

227 1679 433 1734 Optasset
464 1679 649 1731 Plegrea
683 1691 784 1719 suas
817 1678 995 1720 Victoria
1027 1692 1219 1732 pompas,

285 1751 377 1792 Hac
410 1762 578 1803 quoque
612 1750 683 1801 qui
716 1749 888 1802 gemina
921 1749 1093 1802 Tigride
1126 1755 1273 1791 vectus
1307 1757 1407 1791 erat.

226 1821 419 1863 Numinis
453 1826 677 1875 optassent
711 1820 849 1861 Getici
881 1819 964 1860 duo
997 1820 1175 1861 fulmina
1207 1826 1352 1874 partos

291 1892 493 1946 Scipiade
527 1892 674 1932 titulos
707 1891 789 1932 hac
821 1891 1012 1932 tenuisse
1046 1890 1192 1933 duces.

227 1964 281 2005 Et
313 1963 610 2016 quodcumque
646 1975 782 2016 genus
816 1962 982 2015 peperit
1015 1962 1212 2003 Cornelia
1244 1964 1399 2016 proles,

285 2036 520 2087 Iunctaque
552 2034 731 2075 famosis
765 2033 1003 2074 Aemiliana
1035 2033 1148 2074 viris.

227 2107 350 2148 Hanc
373 2119 541 2159 quoque
565 2104 813 2155 Flaminius,
839 2104 968 2157 Lycio
991 2104 1264 2146 memorande
1286 2105 1471 2151 Metello,

286 2177 453 2218 Fudisti
486 2175 634 2217 Gallos
667 2188 846 2227 cumque
881 2174 1056 2215 Camille
1088 2176 1221 2226 leves,

229 2249 282 2290 Et
314 2249 385 2300 qui
418 2248 496 2289 sub
531 2247 666 2288 sicula
700 2251 914 2287 certarunt
947 2246 1086 2287 acrius
1119 2246 1234 2287 unda

290 2319 393 2360 Cum
427 2319 559 2360 virtus
592 2318 729 2358 inerat
764 2317 969 2357 nobiliore
1003 2330 1140 2357 manu.

230 2390 429 2431 Partibus
463 2403 513 2431 ac
546 2402 747 2442 magnum
782 2387 951 2441 scrispit
984 2388 1055 2440 qui
1086 2401 1240 2429 nomen
1274 2389 1374 2429 Eois

289 2461 430 2502 Vellet
462 2460 679 2501 Munichia
711 2459 872 2512 gratius
906 2458 1013 2499 aede
1046 2459 1141 2500 frui.

231 2533 284 2573 Et
315 2532 520 2573 Messalla
550 2531 618 2571 die
653 2530 857 2584 cupiisset
890 2529 1053 2583 premia
1088 2529 1242 2578 Quinto

293 2602 432 2644 Orbus
466 2608 508 2643 et
541 2615 566 2642 a
598 2601 760 2655 Pyrrho
794 2607 991 2654 posceret
1022 2601 1097 2641 illa
1128 2600 1232 2642 fero.

233 2674 344 2724 Quid
377 2673 562 2714 referam
597 2671 803 2713 Curium?>
837 2672 998 2712 vicinos
1032 2669 1194 2725 depulit
1225 2672 1386 2715 hostes,

291 2745 344 2786 Et
377 2744 478 2797 quid
512 2743 696 2784 Fabricii
728 2742 930 2796 pauperis
963 2755 1080 2782 arma
1113 2755 1275 2784 canam.

234 2815 286 2856 Et
319 2815 421 2868 quid
452 2815 537 2855 iam
569 2814 704 2855 nostri
737 2812 973 2854 referemus
1006 2813 1148 2866 opima
1181 2812 1341 2862 Quirini

291 2887 417 2927 Dona
450 2885 663 2926 feretralis
695 2885 831 2938 prima
863 2883 1043 2937 trophea
1076 2883 1155 2924 dei.

152 2977 189 3004 Ε.
212 2969 306 3004 Ana:
330 2978 490 3004 ANALBCTA
510 2985 598 3003 ΝονΑ.
1383 2965 1427 2997 26
