1898 3278
1538 183 1581 215 69

101 327 378 380 complerent.
406 327 470 367 Ita
494 326 662 368 infestis
680 326 941 378 aliquamdiu
959 332 1193 380 pugnatum
1214 327 1380 376 animis,
1402 332 1445 366 ut
1463 326 1583 366 multi

102 398 220 439 vario
252 397 501 439 insidiarum
534 410 692 451 genere
726 397 920 449 utrinque
954 396 1178 438 occiderint
1204 395 1483 449 (ceciderint).
1517 396 1583 437 Ad

102 468 380 522 trajiciendos
403 469 608 521 gurgites,
633 469 704 520 qui
724 481 865 509 muros
889 467 1263 517 circumfuderant,
1295 474 1335 509 et
1358 467 1411 508 ad
1434 466 1582 508 urbem

103 538 447 593 expugnandam,
471 539 589 580 varia
609 538 985 579 instrumentorum
1006 539 1250 591 excogitata
1273 551 1447 591 genera,
1470 551 1581 590 quae

104 611 207 651 nulli
238 611 419 652 bellicae
447 611 550 651 artis
571 617 744 652 autores
766 609 1044 652 tradiderunt.
1081 610 1169 651 Sed
1199 610 1439 663 Majestatis
1463 610 1583 650 Tuae

104 682 343 733 clementia,
378 694 471 722 cum
505 680 756 734 oppidanos,
791 681 844 723 ob
878 681 1067 735 impositi
1099 680 1303 735 praesidii
1334 680 1430 731 vim,
1466 679 1583 720 dedi-

103 752 260 793 tionem
292 752 436 794 facere
469 766 553 793 non
585 765 728 806 posse,
774 765 913 805 neque
947 751 1094 793 urbem
1127 752 1219 792 sine
1259 764 1415 804 magna
1449 749 1583 792 caede

104 823 214 877 capi,
247 823 532 876 intelligeret;
579 823 771 876 quamvis
805 836 1053 876 expugnare
1086 828 1246 877 posset,
1286 822 1321 862 si
1352 822 1582 871 voluisset,

104 899 246 935 tamen
291 894 437 935 maluit
482 894 662 948 septimo
707 906 854 934 mense
893 907 970 947 per
1012 893 1201 934 inediam
1235 892 1290 934 ad
1324 891 1584 933 deditionem

105 977 274 1017 cogere,
308 977 435 1016 quam
469 977 562 1005 cum
585 977 744 1018 magna
771 977 954 1015 suorum,
988 964 1259 1016 hostiumque
1281 963 1415 1004 caede
1438 963 1584 1004 urbem

104 1048 286 1089 capere:
332 1048 456 1087 quam
503 1035 672 1088 quidem
703 1041 872 1089 captam
906 1048 932 1076 a
964 1035 1131 1076 militari
1177 1034 1332 1075 deinde
1372 1033 1584 1083 incendio,

105 1112 147 1147 et
171 1106 351 1147 saevitia
373 1107 539 1160 eripere
562 1106 846 1159 nequivisset:
880 1106 1007 1147 immo
1029 1119 1112 1147 uno
1135 1105 1370 1157 eodemque
1394 1112 1585 1158 tempore

105 1177 319 1218 civitatem
353 1184 393 1218 et
427 1178 557 1227 cives,
603 1191 708 1231 opes
742 1184 783 1218 et
816 1184 1079 1227 ornamenta,
1127 1190 1176 1218 ac
1209 1176 1393 1229 denique
1432 1176 1585 1225 oleum,

106 1255 150 1288 ut
184 1247 318 1301 ajunt,
353 1255 393 1289 et
425 1249 646 1302 impensas
678 1248 950 1302 perdidisset.
992 1248 1047 1290 Ut
1080 1248 1256 1289 militum
1290 1247 1586 1301 opidanorum-

107 1332 189 1371 que
223 1319 350 1359 saluti
391 1320 645 1369 consuleret,
693 1332 769 1360 sex
801 1319 1020 1360 mensibus
1066 1318 1332 1360 obsidionem
1378 1331 1460 1358 non
1494 1317 1585 1358 sine

107 1403 263 1442 magno
307 1389 519 1442 impendio
552 1403 796 1444 prorogare,
842 1403 969 1442 quam
1009 1396 1210 1442 utrosque
1244 1389 1368 1430 simul
1405 1388 1586 1442 perdere

108 1461 267 1501 maluit.
291 1460 436 1502 Idibus
455 1461 623 1502 circiter
639 1461 858 1514 Augustis,
878 1462 1072 1514 Augusta
1091 1460 1254 1511 civitas,
1273 1473 1374 1501 vero
1393 1460 1586 1513 Augusto

107 1530 366 1572 deditionem
389 1531 534 1573 facere
564 1538 713 1573 coacta
735 1538 823 1573 est:
848 1538 891 1572 ut
916 1532 986 1584 qui
1009 1532 1214 1584 Augustis
1238 1531 1441 1584 auspiciis
1460 1536 1586 1571 natus

108 1607 211 1651 erat,
246 1609 446 1656 superato
479 1603 600 1644 toties
634 1601 823 1656 (totiens)
858 1603 1065 1656 Augusto,
1100 1602 1153 1643 de
1187 1603 1382 1655 Augusta
1415 1601 1586 1643 civitate

109 1672 313 1726 Augustis
348 1687 516 1726 quoque
547 1673 688 1715 idibus
728 1674 1019 1728 triumpharet.

225 1743 260 1785 O
283 1743 588 1796 Clarissimum,
608 1744 987 1798 dignissimumque
1010 1744 1139 1785 trium
1157 1742 1460 1798 (triumphum),
1484 1744 1587 1795 legi-

104 1815 205 1856 timo
239 1815 352 1856 bello
387 1822 693 1870 comparatum,
740 1823 781 1857 et
814 1822 1027 1856 tantarum
1060 1815 1271 1857 vindicem
1315 1815 1587 1868 injuriarum!

105 1899 129 1926 o
153 1885 297 1927 divum
319 1886 537 1938 honorem,
572 1887 668 1928 divo
692 1887 896 1928 Matthiae
920 1887 1030 1928 bene
1054 1886 1232 1928 merenti
1250 1886 1346 1940 jure
1374 1886 1588 1936 traditum,

107 1962 149 1998 et
181 1956 234 1998 ab
269 1956 371 1998 urbe
404 1957 550 2007 Roma,
597 1957 709 1999 unde
755 1958 959 1999 oriundus
992 1964 1071 2008 est,
1118 1957 1267 1998 merito
1313 1956 1587 2010 usurpatum!

105 2027 240 2069 tribus
273 2034 371 2069 ante
406 2028 556 2070 diebus
590 2029 904 2070 sanctissimam
943 2028 1184 2070 Beatricem
1218 2032 1333 2068 tuam
1373 2041 1468 2069 cum
1500 2028 1589 2068 uni-

106 2098 242 2139 versis
265 2099 505 2152 legionibus
528 2100 801 2153 praemisisti,
832 2113 942 2152 quae
966 2099 1209 2141 Caesareae
1232 2098 1348 2140 urbis
1368 2098 1590 2153 imperium

106 2169 244 2220 iniret,
279 2176 320 2211 et
352 2176 394 2212 te
421 2170 754 2225 triumphantem
782 2171 1011 2224 exciperet.
1056 2170 1369 2224 Spectavimus,
1403 2170 1590 2222 inquam.

108 2241 396 2294 spectavimus
415 2241 464 2282 de
482 2239 555 2294 (te)
574 2242 818 2296 triumphali
842 2241 1136 2293 Sacerdotum,
1155 2241 1394 2293 civiumque
1413 2254 1589 2295 pompa3

106 2312 149 2352 in
183 2325 266 2364 qua
298 2325 380 2353 non
416 2313 552 2366 signa,
598 2326 682 2354 non
716 2313 904 2363 tabulae,
950 2326 1034 2354 non
1068 2313 1207 2366 spolia
1251 2312 1449 2363 hostium,
1496 2325 1590 2352 cum

109 2382 261 2434 quibus
293 2396 396 2436 prae
419 2383 591 2425 victoris
617 2383 887 2438 indulgentia
920 2384 1153 2425 clementer
1173 2389 1327 2432 actum,
1353 2382 1429 2424 sed
1454 2382 1591 2423 victri-

109 2453 174 2494 cia
218 2460 380 2494 tantum
425 2455 581 2496 vexilla
626 2455 902 2496 ferebantur:
951 2454 1313 2509 praecedentibus
1358 2453 1591 2494 innumeris

109 2525 296 2577 equitum
328 2525 490 2576 turmis,
524 2532 565 2566 et
598 2526 936 2567 acclamantibus
976 2525 1163 2578 undique
1196 2525 1341 2566 fausta
1373 2524 1591 2575 militibus,

109 2595 188 2636 sub
222 2596 408 2637 umbella
441 2609 572 2637 aurea
603 2597 645 2637 in
679 2597 826 2638 urbem
872 2596 1056 2638 candido
1091 2610 1199 2648 equo
1232 2596 1474 2636 invectum:
1521 2594 1593 2635 ubi

109 2667 254 2707 variae
288 2667 496 2710 nationes.
531 2667 619 2708 suis
646 2682 838 2721 quaeque
862 2667 997 2722 scynis
1022 2665 1227 2720 (linguis),
1261 2666 1323 2707 Te
1349 2666 1590 2716 Caesarem,

111 2744 152 2779 te
192 2738 289 2791 jure
334 2739 585 2791 Augustum,
634 2746 675 2779 te
720 2753 864 2781 verum
914 2739 1215 2792 Imperatorem
1264 2736 1590 2786 exclamabant,

110 2808 281 2861 quando
315 2809 367 2850 de
401 2809 566 2851 duobus
599 2810 810 2864 primariis
842 2810 999 2851 aetatis
1044 2815 1215 2850 nostrae
1262 2807 1593 2862 Imperatoribus

111 2879 270 2920 claram
315 2880 531 2922 victoriam
578 2894 709 2935 saepe
742 2881 936 2922 retulisti.
985 2880 1315 2933 Ingeminabant
1360 2891 1509 2919 omnes
1547 2878 1592 2918 Io

112 2950 348 3004 triumphe!
394 2951 438 2991 Io
473 2951 677 2993 Corvinel
725 2958 766 2993 et
799 2951 913 3005 apud
947 2964 1094 2992 omnes
1128 2963 1225 2991 aras
1260 2954 1334 2990 tua
1379 2950 1471 3002 (pro
1505 2946 1593 3001 tna)
