1898 3278
266 132 333 165 112

327 641 372 674 60

330 999 374 1032 65

331 1354 377 1388 70

336 2068 382 2102 80

338 2426 384 2458 85

340 2781 386 2815 90

416 275 511 315 Iure
545 274 675 327 igitur
708 274 877 327 genitor
910 274 1068 326 potitur
1096 286 1208 314 nunc
1232 273 1419 314 Blancus
1441 273 1608 328 Olimpo

475 345 626 397 Tuque
660 346 740 386 iter
773 344 827 385 ad
862 357 1042 398 superos
1076 345 1157 384 iam
1193 344 1269 385 tibi
1302 350 1400 385 nate
1435 358 1576 398 paras.

417 416 546 457 Cuius
580 416 814 457 honoratos
847 416 961 457 claro
996 415 1240 456 diademate
1275 416 1414 456 crines

477 487 571 528 Non
607 488 699 529 sine
733 487 951 541 praesenti
986 487 1157 527 numine
1190 486 1484 541 prospicimus.

418 558 591 600 Scilicet
624 566 669 600 ut
701 572 876 612 regeres
909 559 1047 612 patria
1080 558 1231 599 virtute
1267 564 1483 612 potentem

475 630 740 671 Pannoniam
775 630 948 671 arbitrio
981 629 1224 683 indicioque
1258 637 1342 671 tuo.

417 702 509 743 Hoc
543 702 636 755 agis
671 709 711 742 et
746 714 927 754 superas
962 714 1183 754 procerum
1217 701 1287 754 pia
1321 707 1420 741 vota
1443 707 1608 741 tuorum

478 773 587 814 Nam
622 773 698 814 tibi
731 779 854 827 parta
887 772 1022 813 ferum
1056 771 1215 825 oppida
1248 772 1370 825 plura
1403 785 1541 812 manu.

420 844 524 894 Quis
557 858 705 899 regum
741 844 920 884 ulterius
955 844 1061 885 solio
1095 843 1304 897 processit
1338 843 1452 884 avito

478 917 532 957 Et
564 916 640 957 tibi
672 916 756 956 iam
791 915 924 956 crevit
958 914 1106 968 gloria,
1141 914 1273 955 crevit
1312 914 1462 965 honos,

422 987 533 1037 Quid
567 988 620 1040 η’,
654 994 695 1028 16
730 992 965 1028 111611101·3111
998 999 1144 1026 11111535
1179 985 1363 1027 coluisse
1396 985 1567 1037 latinas,

480 1058 514 1100 O
550 1059 682 1100 decus
716 1072 739 1099 0
772 1057 894 1111 regni
926 1057 1135 1098 Pannonii
1169 1056 1377 1108 columen,

420 1131 578 1171 Harum
614 1130 713 1170 dum
747 1129 887 1170 medio
922 1129 1122 1170 cristatus
1155 1128 1196 1168 in
1231 1128 1400 1182 agmine
1434 1128 1577 1182 poscis

480 1201 678 1251 Numina,
714 1200 813 1253 quid
847 1206 1038 1254 praestet
1071 1205 1198 1252 teque
1231 1206 1413 1252 tuosque
1447 1199 1582 1252 sequi.

422 1273 611 1315 Consilio
645 1272 803 1313 Nestor
836 1272 1071 1324 dextraque
1106 1284 1152 1312 es
1187 1271 1281 1312 dius
1314 1271 1504 1312 Achilles

482 1344 534 1385 Et
567 1350 640 1385 tua
673 1344 737 1385 vis
770 1349 859 1385 1010
893 1356 977 1384 11011
1011 1342 1142 1383 habet
1176 1342 1278 1383 orbe
1312 1356 1459 1396 parem

422 1415 503 1455 Hei
537 1415 677 1456 michi.
712 1415 806 1456 Non
840 1415 986 1467 Elegis
1020 1414 1130 1455 11366
1163 1413 1436 1455 decantanda
1468 1413 1640 1455 fuerunt

481 1486 707 1536 Versibus;
743 1486 947 1538 altiloquo
982 1485 1058 1526 sed
1092 1485 1321 1526 referenda
1353 1484 1465 1539 pede

423 1557 518 1598 Non
542 1564 632 1598 erat
656 1558 765 1599 haec
787 1564 934 1598 nostro
958 1570 1026 1598 res
1051 1557 1237 1598 carmine
1262 1556 1406 1610 digna.
1441 1554 1527 1597 Sed
1550 1556 1622 1597 illo

485 1628 578 1678 Quo
611 1629 758 1670 vivunt
791 1628 971 1669 Rutulus
1004 1627 1337 1680 Dardaniusque
1372 1627 1503 1668 duces

424 1701 504 1742 Vel
537 1714 619 1753 quo
652 1699 904 1741 Maeonides
937 1699 1066 1740 nimia
1100 1706 1354 1754 consumpta
1385 1699 1508 1740 ruina

485 1772 674 1814 Aeacide
708 1771 764 1812 ad
797 1771 966 1812 Troiam
999 1771 1115 1812 bella
1148 1778 1326 1812 cruenta
1362 1770 1507 1812 refert.

424 1844 508 1884 Aut
542 1844 577 1884 si
611 1843 838 1884 defuerant
872 1843 953 1884 hac
986 1848 1245 1896 tempestate
1280 1849 1436 1896 poetae

486 1914 741 1956 Maeonidae
774 1914 948 1967 ingenio
982 1913 1232 1967 Virgiliique
1266 1926 1407 1967 pares.

427 1986 627 2028 Corduba
660 1986 878 2027 Lucanum
913 1985 1059 2026 debuit
1092 1985 1297 2038 genuisse
1331 1983 1565 2026 secundum

485 2058 569 2098 Aut
600 2058 752 2099 iterum
787 2057 908 2097 nasci
941 2055 1148 2097 furtulusl
1181 2055 1274 2109 ipse
1307 2055 1396 2106 tibi,

427 2130 482 2171 Ut
514 2129 688 2170 meliore
722 2128 800 2169 lira
832 2135 929 2182 post
963 2127 1049 2169 divi
1082 2133 1207 2181 gesta
1240 2126 1442 2167 Iohannis

485 2201 615 2242 Parta
647 2207 721 2241 tua
754 2206 929 2241 caneret
963 2200 1079 2241 clara
1111 2199 1320 2253 trophaea
1352 2211 1493 2239 manu.

429 2272 652 2324 Quamque
671 2271 823 2313 avidus
839 2271 1033 2312 Thurcos
1052 2270 1138 2311 ruis
1157 2277 1284 2322 atque
1304 2268 1541 2310 horrendus
1558 2269 1601 2310 in
1619 2268 1767 2309 hostes

486 2344 568 2384 Pro
602 2350 753 2385 sancta
787 2343 964 2396 cupiens
997 2341 1204 2394 religione
1237 2340 1342 2381 mori

431 2414 602 2464 Quanta
626 2415 701 2455 tibi
727 2421 791 2455 est
816 2414 944 2455 animi
967 2419 1126 2466 quanta
1150 2419 1215 2453 est
1239 2411 1505 2465 praestantia
1525 2411 1688 2452 formae

488 2487 540 2527 Et
574 2492 758 2539 quantus
791 2485 894 2526 belli
927 2497 973 2525 es
1007 2483 1145 2537 qualis
1179 2490 1221 2524 et
1252 2484 1346 2537 ipse
1380 2490 1494 2536 toga.

430 2558 491 2599 Te
522 2557 631 2599 duce
659 2570 787 2609 quam
809 2556 993 2610 populus
1018 2554 1174 2596 Christi
1195 2567 1279 2594 non
1304 2560 1471 2595 corruat
1495 2565 1619 2594 omne

490 2629 552 2669 Te
587 2628 696 2669 duce
730 2641 814 2669 non
847 2632 997 2681 pereat
1029 2638 1140 2666 nunc
1174 2624 1307 2665 decus
1340 2623 1570 2665 Ausoniae.

429 2700 627 2752 Denique
662 2699 853 2752 quisquis
887 2697 1011 2739 adest
1044 2702 1132 2737 toto
1164 2696 1249 2736 iam
1281 2695 1389 2736 liber
1420 2695 1462 2735 in
1495 2695 1597 2736 orbe

489 2771 551 2812 Te
585 2777 761 2824 propter
792 2774 996 2810 memoret
1028 2768 1093 2808 ius
1132 2768 1316 2809 retinere
1351 2780 1483 2807 suum.

402 2923 411 2943 ¹
440 2923 673 2968 Bizonyosan
702 2922 818 2956 Silius
845 2921 1036 2955 [tuticus-t
1062 2919 1139 2954 erti.
