1919 3273
1512 100 1581 133 457

95 243 332 296 iniquitatis
363 243 546 295 inimica,
570 244 705 284 iustas
729 256 900 296 semper
921 244 1207 285 conscientias
1229 249 1344 285 amat
1364 244 1579 297 fovetque.

96 314 145 355 Id
176 314 357 356 fecimus
400 328 485 356 non
530 320 694 355 tantum
726 314 787 354 uti
824 326 912 354 rem
956 314 1207 367 Dignationi
1251 315 1371 356 Tuae
1415 320 1581 368 gratam

96 385 351 437 faceremus,
397 385 497 437 quin
530 391 574 425 ut
607 390 751 426 nostro
797 384 1146 426 satisfaceremus
1191 385 1332 427 officio
1379 391 1421 426 et
1452 386 1580 439 longe

97 455 220 496 aliter
251 470 302 497 ac
338 461 597 510 acceperant
638 455 735 496 Itali
768 455 1081 496 sanctissimum
1126 456 1580 509 religiosissimumque

97 525 314 580 Ungariae
345 540 493 580 regem
527 540 623 568 esse
658 532 933 579 cognoscant.
971 526 1140 568 Excitat
1172 540 1256 568 non
1290 540 1436 580 parum
1471 540 1580 568 com—

96 598 278 650 parandi
311 611 412 652 spes
443 597 580 648 amici7
615 597 693 638 sed
715 598 846 638 multo
870 597 1007 649 magis
1029 598 1137 639 ratio
1160 598 1352 639 veritatis
1375 604 1417 639 et
1437 597 1579 643 officii,

97 681 192 709 cum
223 675 448 721 utrumque
480 668 631 710 violari
662 681 786 709 nemo
821 668 882 709 vir
908 668 1046 709 bouus
1080 669 1171 710 sine
1195 670 1359 710 scelere
1381 669 1580 723 patiatur,

95 740 348 793 praesertim
381 753 476 780 cum
509 739 561 780 de
594 739 706 780 illius
741 739 949 792 dignitate
972 740 1125 792 agitur,
1160 740 1230 792 qui
1250 746 1482 794 perpetuus
1516 746 1581 781 est

97 810 366 851 Christianae
399 810 662 863 reipublicae
694 816 996 864 propugnator.
1029 810 1214 851 Proinde
1247 811 1307 851 tui
1340 810 1446 852 Udis
1470 812 1581 865 Apo-

96 881 253 935 logiam
298 894 436 934 aequo
482 881 623 921 animo
669 881 832 935 accipe,
879 889 920 925 et
952 895 1037 922 non
1070 881 1171 933 quid
1209 882 1470 935 praestiterit
1503 881 1581 924 sed

97 951 198 1005 quid
241 952 423 993 voluerit
468 965 629 1005 quaeso
663 954 898 995 considera.
946 953 1068 1003 Quod
1101 952 1320 1006 ingenium
1358 959 1580 1006 praestare

95 1036 181 1064 non
213 1024 361 1077 potuit,
394 1023 438 1064 id
472 1023 657 1064 studium
690 1024 884 1077 fidesque
917 1024 1140 1078 rependat.
1175 1024 1280 1065 Vale
1314 1037 1365 1064 ac
1390 1023 1581 1077 incogni-

95 1100 181 1135 tum
214 1094 291 1136 tibi
322 1094 434 1136 Udin
468 1094 504 1135 si
536 1108 679 1136 amare
712 1102 836 1149 potes
870 1102 911 1136 et
945 1095 1092 1146 debes,
1126 1108 1235 1136 ama.

213 1237 303 1278 Fol.
330 1235 453 1279 moa.
477 1250 497 1278 s
520 1237 615 1279 kov.
649 1238 965 1279 Benemeritam
986 1237 1039 1279 de
1062 1251 1164 1291 rege
1186 1251 1237 1278 ac
1263 1250 1395 1291 regno
1418 1237 1580 1278 Beatri-

96 1321 189 1349 cem
233 1307 415 1359 dixeris;
462 1322 516 1349 ne
548 1322 627 1349 nos
661 1309 831 1362 quidem
876 1309 1115 1359 infitiamur,
1163 1308 1240 1349 sed
1272 1308 1579 1349 benemeritum

96 1392 264 1432 quoque
311 1379 363 1420 de
395 1379 469 1420 illa
500 1393 678 1433 regnum
723 1393 883 1433 negare
916 1380 1153 1433 nequimus,
1200 1379 1267 1421 cui
1298 1378 1580 1432 indulgentis—

96 1451 247 1492 simum
270 1450 789 1504 obsequentissimumque
809 1465 978 1505 semper
1000 1451 1135 1492 fuisse
1154 1456 1336 1491 constat.
1360 1448 1579 1491 Fatemurl

96 1522 292 1575 equidem
324 1523 511 1576 ingenue
544 1523 587 1563 in
620 1522 701 1563 hoc
734 1522 939 1563 bellorum
973 1528 1097 1563 aestu
1142 1521 1367 1562 Corvinum
1402 1534 1427 1561 a
1457 1520 1580 1574 regni

94 1590 343 1635 voluntate2
379 1593 706 1634 dissentientem
746 1593 922 1647 reginae
955 1593 1089 1646 copiis
1127 1592 1261 1633 fuisse
1293 1591 1578 1645 profligatum,

94 1663 278 1705 fatemur
322 1664 515 1705 eiusdem
560 1664 614 1705 ad
661 1664 910 1706 Cassoviam
956 1664 1147 1716 equitatu
1186 1663 1406 1704 Albertum
1438 1662 1579 1703 fusum

93 1734 375 1789 fugatumque
408 1735 543 1777 fuisse
576 1735 780 1787 fatemur3
816 1736 907 1777 eius
938 1735 1168 1776 exercitum
1190 1735 1233 1774 in
1257 1734 1370 1775 omni
1403 1733 1580 1787 expedi-

94 1806 208 1847 tione
255 1819 305 1848 ac
349 1807 511 1860 praelio
555 1820 639 1847 non
684 1807 860 1848 affuisse
908 1807 1058 1855 solum,
1103 1819 1248 1847 verum
1290 1805 1416 1845 etiam
1456 1817 1579 1858 prae-

93 1876 244 1929 fuisse,
288 1877 474 1919 fatemur
518 1878 656 1932 ipsam
701 1884 886 1919 centena
930 1877 1096 1919 circiter
1134 1876 1250 1917 milia
1280 1876 1323 1916 in
1355 1875 1421 1917 his
1453 1875 1579 1917 bellis

93 1961 178 1989 non
210 1953 297 1989 tam
330 1948 461 1990 officii
506 1963 633 2002 quam
677 1949 843 2003 imperii
873 1949 1012 2002 gratia
1045 1961 1260 1999 erogasse.
1305 1947 1360 1987 At
1393 1946 1486 1999 quis
1518 1947 1579 1987 in—

95 2019 243 2073 gentia
285 2020 409 2073 regni
453 2020 605 2061 merita
638 2021 680 2061 in
713 2033 806 2061 eam
854 2019 1257 2071 serenissimumque
1302 2024 1466 2072 patrem
1505 2018 1578 2058 im-

93 2096 272 2144 perante
318 2091 533 2144 quondam
578 2091 742 2132 Mathia
785 2090 989 2144 negarit'.>
1038 2089 1190 2130 Omnia
1231 2088 1435 2142 imprimis
1470 2101 1578 2141 quae

94 2161 241 2203 debuit
273 2162 417 2203 officia
449 2163 784 2204 cumulatissime
806 2162 1024 2216 persolvit,
1050 2159 1449 2214 indulgentissimus
1471 2172 1578 2201 sem-

93 2246 171 2287 per
212 2233 256 2274 in
300 2247 395 2275 eam
438 2233 532 2285 fuit,
578 2234 771 2288 permisit
814 2232 1059 2273 insatianda
1098 2231 1355 2272 liberalitate
1390 2244 1480 2281 sua,
1525 2243 1578 2271 ne

93 2304 439 2358 prodigalitatem
473 2304 663 2355 dixerim,
698 2310 860 2345 tantum
895 2316 1071 2356 erogare
1099 2300 1413 2356 pecuniarum,3
1448 2307 1493 2341 ut
1525 2315 1578 2342 ne

93 2375 298 2417 mediocri
324 2376 494 2429 quidem
529 2390 582 2417 ex
604 2382 725 2430 parte
746 2375 979 2428 Ungariam
1003 2373 1261 2415 exhauserit.
1295 2372 1504 2413 Tantam4
1536 2373 1579 2413 in

93 2446 336 2499 histriones,
352 2448 502 2489 mimos
517 2453 559 2488 et
575 2446 844 2500 cytharedos,
855 2452 1014 2486 tantam
1031 2446 1072 2486 in
1090 2444 1316 2486 choraulas
1331 2443 1577 2495 fonasch0s‚

94 2524 292 2559 cantores
337 2524 380 2559 et
412 2518 740 2569 utriculatorios,
786 2522 946 2558 tantam
994 2515 1178 2568 denique
1209 2515 1253 2556 in
1285 2520 1579 2555 assentatores

93 2588 343 2642 futilemque
366 2589 729 2643 peregrinantium
753 2587 1063 2628 multitudinem
1086 2599 1350 2627 nummorum
1370 2584 1578 2639 profusio-

94 2672 191 2700 nem
223 2660 435 2713 huiusque
468 2660 678 2711 toleravit,
724 2665 769 2700 ut
801 2659 879 2699 hos
925 2664 1118 2711 sumptus
1153 2663 1195 2698 et
1227 2656 1402 2697 allatam
1436 2656 1579 2698 dotem

93 2729 138 2771 id
170 2744 223 2772 ex
255 2731 438 2785 decuplo
473 2731 723 2785 superavit.
751 2764 758 2772 .
784 2764 792 2771 .
839 2728 1041 2770 Nonnulli
1072 2728 1115 2769 in
1146 2728 1458 2782 Neapolitanos
1492 2724 1580 2780 (qui

189 2879 200 2900 ¹
226 2880 383 2916 fetemur
412 2881 448 2916 C.
500 2881 512 2900 ²
539 2882 701 2916 volutate
731 2881 768 2915 O.
820 2880 832 2899 ³
857 2880 1115 2924 peccuniarum
1143 2879 1179 2913 Ο.
1232 2879 1245 2898 ⁴
1269 2882 1371 2913 tanta
1400 2878 1437 2913 C.
