1919 3273
1427 109 1430 111 ’
1479 107 1550 140 369

59 269 138 312 Ad
157 270 336 313 eundem
358 269 503 313 divum
529 269 826 312 Vuzadislaum
846 271 1077 326 Hzmyarie
1098 271 1378 325 Bohemieque
1398 287 1548 327 reqem,

52 340 185 394 pium
215 340 401 394 foelicem
428 346 465 383 et
497 355 659 394 semper
689 339 907 391 invictum,
937 341 1120 384 Carmen
1140 343 1546 397 endeehasyllabum,

62 426 146 465 quo
170 416 297 465 poeta
327 416 449 467 φοραί
479 412 647 460 Musas,
681 411 932 464 invocatique
962 417 1010 454 ut
1042 413 1171 455 velint
1202 412 1369 466 aliquid
1399 428 1550 456 canere

60 481 113 524 dn
144 482 218 525 hoc
247 482 354 535 stilo,
401 483 449 524 de
481 482 658 525 victoria
697 482 958 525 Pannonica
991 483 1144 525 devicto
1178 483 1479 528 Maximiliano
1512 489 1550 526 et

469 552 645 606 reliquis
678 552 867 595 hostibus
904 553 1148 607 Tmeisque.

325 670 481 718 Nostre
513 669 707 712 Pierides
739 670 883 712 favete
915 671 1060 724 lingue

324 741 604 795 Pimpleeque
638 741 883 783 Libetrides
916 741 1082 794 adeste,

324 813 379 854 Et
411 813 691 854 concentibus
724 813 899 862 Isthime
933 827 1115 865 sororeS,

326 883 413 925 Seu
445 896 522 925 vos
556 897 728 925 aeream
760 885 962 938 ungulam
997 885 1211 938 bibentes,

241 965 261 997 5
324 954 418 995 Huc
450 954 517 996 fas
552 968 721 996 currere
754 955 915 1004 hiantie
953 956 1154 1009 Camene,

324 1025 453 1066 Pexis
487 1025 689 1077 crinibus,
724 1025 964 1080 ostreisque
1000 1028 1131 1080 vittis,

326 1095 554 1149 Unguento
587 1096 699 1138 bene
733 1097 929 1139 sordidos
964 1098 1158 1150 amictus,

326 1163 504 1221 Compte
539 1173 734 1222 tempora
767 1169 1010 1222 congeretis
1043 1182 1206 1221 omnes,

323 1237 464 1279 Lauro
497 1238 679 1291 myrtho,
712 1238 875 1280 hedera
906 1240 1146 1282 recentiori.

219 1317 263 1352 10
323 1307 413 1349 Iam
445 1321 523 1349 nos
558 1309 820 1364 magnanimi
852 1324 1055 1353 canemus
1088 1325 1206 1352 arma

325 1379 431 1421 Stilo
464 1380 671 1434 principis
705 1386 747 1422 et
779 1380 1039 1433 Remissiori,

324 1450 446 1492 Victo
482 1450 670 1493 Caesare
702 1452 1004 1504 Maximiliano,

322 1522 455 1564 Victis
489 1522 701 1575 hostibus,
734 1522 961 1577 impiisque
995 1523 1145 1565 Turcis

322 1594 460 1635 Prisci
492 1593 628 1647 gloria
661 1594 883 1648 sanguinis
916 1594 1083 1636 videtur

218 1674 261 1707 15
323 1664 597 1706 Vuladislaus
631 1678 776 1718 eques,
811 1678 990 1706 serenus
1023 1672 1151 1718 atque

324 1735 488 1786 Clarus,
523 1736 775 1790 splendidus
810 1736 966 1777 arduus
1000 1742 1042 1778 et
1073 1736 1226 1789 ingens

321 1807 413 1848 Rex
444 1807 556 1848 inter
586 1807 772 1860 reliquos
805 1813 977 1849 notatus
1010 1821 1131 1849 unus.

321 1878 528 1932 Princeps
561 1878 843 1932 martigenum
876 1891 1099 1932 genusque
1122 1886 1302 1932 patrum,

321 1949 526 1990 Prestans
559 1949 756 1991 hostibus
789 1954 831 1990 et
864 1962 997 2003 pavor
1027 1948 1253 2000 verendus,

213 2029 260 2063 20
322 2019 433 2070 Quid
466 2019 600 2074 plus‘?
633 2020 894 2073 hungaricas
929 2020 1098 2073 subegit
1131 2033 1253 2061 arces

320 2091 426 2132 Telo
460 2091 603 2132 nobile
637 2091 929 2143 barbarosque
963 2092 1140 2137 Tureos,

321 2162 479 2203 Turres
513 2162 628 2203 exuit
661 2162 798 2204 acrior
829 2168 1042 2216 potentes,

320 2234 458 2275 Armis
492 2234 651 2288 oppida
683 2233 875 2275 contudit
907 2233 1112 2274 molestis.

320 2304 399 2346 Hic
430 2304 498 2345 fas
533 2304 700 2356 sistere,
735 2304 1018 2356 cantibusque
1051 2317 1194 2345 veram

213 2385 259 2419 25
321 2375 505 2416 Narrare
538 2375 771 2429 hystoriam
804 2374 984 2415 furentis
1017 2374 1141 2415 huius

320 2446 451 2500 Regis
483 2446 682 2500 belligeri
715 2453 756 2487 et
789 2445 921 2487 decus
954 2445 1205 2498 triumphos,

320 2517 373 2558 Et
406 2517 508 2570 quid
541 2517 765 2558 moenibus
799 2517 1010 2557 eminente
1043 2516 1181 2557 Turco

320 2588 472 2629 Audax
506 2588 642 2642 egerit
674 2589 754 2629 iste
788 2594 874 2628 tam
907 2587 1130 2642 superbus,

322 2659 409 2701 Sed
441 2666 485 2706 tu
518 2660 654 2713 prima
687 2672 805 2700 soror
836 2666 964 2713 caput
997 2658 1163 2700 canoris

214 2740 258 2774 30
321 2729 413 2780 Que
447 2730 525 2771 das
557 2730 698 2784 incipe
732 2730 896 2771 dulcius
930 2729 1082 2783 poetis,

321 2800 477 2851 Sensit,
510 2800 716 2853 finieram,
750 2807 902 2854 rogata
934 2800 1058 2841 fatur.

321 2871 432 2913 Urbs
467 2878 533 2913 est
564 2872 811 2913 Pannonico
845 2871 938 2912 sinu
972 2871 1125 2921 locata,

129 2961 164 2988 E.
186 2954 282 2989 ᾸΒΕιῑ
304 2963 465 2990 ANALECTA
484 2971 570 2989 NOVA.
1357 2951 1402 2985 24
