1898 3278
268 145 313 180 82

530 364 567 404 p.
602 349 670 392 81.
723 349 893 392 Caelius
931 350 1020 392 Cal.
1060 350 1307 392 Sebastiano
1338 350 1486 406 sslayio
1521 351 1563 394 S.

385 457 565 510 Agnovi,
585 457 742 510 agnovi
759 458 887 511 plane
908 472 960 499 ex
977 459 1110 499 literis
1130 471 1235 511 quas
1260 471 1395 512 nuper
1417 459 1580 512 accepi,
1602 458 1758 500 dulcis-

269 528 361 569 simi
395 528 524 581 Magii
556 528 639 569 mei
672 528 917 581 imaginem,
950 529 992 570 id
1027 536 1092 570 est
1125 542 1332 570 summam
1364 529 1625 570 literaturam
1662 543 1755 571 cum

267 612 432 639 summa
465 599 730 640 humanitate
770 600 1053 649 coniunctam,
1095 614 1226 652 quare
1260 600 1361 641 mihi
1393 601 1483 642 iure
1516 601 1756 654 gratulatus

266 684 371 721 sum,
419 670 534 724 apud
578 677 620 711 te
653 678 739 711 tam
780 671 949 712 doctum
994 678 1035 711 et
1069 679 1359 725 praestantem
1405 672 1537 713 virum
1581 679 1755 713 nostrae

265 741 479 782 amicitiae
524 741 771 783 memoriam
817 742 958 783 adhuc
1003 756 1100 784 esse
1146 743 1432 797 superstitem.
1488 743 1607 793 Quae
1653 756 1754 784 vero

264 813 409 853 fumea
439 813 482 853 in
516 818 557 853 te
591 814 741 854 merita
773 826 1094 865 commemoras,
1129 827 1181 855 ea
1203 815 1374 856 minime
1397 827 1601 868 agnosco,
1635 821 1755 856 tuae—

264 896 346 936 que
379 884 704 937 incomparabili
727 884 908 925 bonitati
929 891 1109 939 accepta
1129 885 1269 926 refero
1293 919 1299 926 .
1326 919 1333 926 .
1361 918 1368 925 .
1394 884 1514 935 Vale,
1545 892 1586 926 et
1607 885 1754 926 claris—

264 954 415 996 simum
447 955 580 996 virum
614 954 831 996 Maronem
864 961 952 996 toto
986 956 1125 996 animo
1150 956 1424 1009 amplectare,
1460 956 1529 1008 qui
1553 956 1752 1009 quoniam

263 1025 493 1067 abitionem
528 1026 717 1078 festinat,
752 1040 818 1068 me
851 1026 1108 1068 Laconismo
1141 1027 1201 1068 uti
1235 1033 1414 1081 oportet.
1448 1027 1752 1069 Reverendiss.

262 1097 441 1138 antistiti
473 1097 788 1139 Vuaradinensi
822 1104 864 1138 et
885 1098 1121 1139 clarissimo
1153 1098 1352 1152 Philippo
1381 1105 1525 1140 nostro
1548 1112 1616 1140 me
1640 1111 1750 1139 com-

260 1167 629 1209 mendatissimum
650 1168 795 1210 facito.
832 1168 996 1210 Octavo
1019 1169 1115 1210 idus
1137 1169 1260 1211 Febr.
1283 1169 1334 1210 M.
1350 1170 1402 1210 D.
1418 1169 1569 1211 XVIII.
1605 1170 1751 1224 Agria.

483 1348 522 1388 p.
557 1332 627 1376 81.
679 1332 851 1376 Caelius
888 1333 977 1375 Cal.
1011 1334 1213 1388 Philippo
1247 1334 1526 1390 Albareyolio.

377 1441 505 1484 Salve
528 1442 583 1482 mi
615 1442 815 1496 Philippe
849 1443 1071 1484 svassime.
1105 1442 1291 1484 Laudes.
1316 1456 1423 1495 quas
1444 1443 1488 1484 in
1509 1456 1575 1484 me
1598 1456 1746 1497 parum

256 1520 490 1555 merentem
520 1514 653 1555 literis
680 1514 764 1554 tuis
788 1514 1059 1567 congessisti,
1082 1514 1253 1554 fuerunt
1280 1514 1380 1555 mihi
1403 1514 1572 1555 omnino
1595 1515 1747 1568 gratis-

257 1585 404 1636 simae,
451 1599 504 1626 ea
535 1585 739 1639 imprimis
785 1598 930 1637 causa,
977 1585 1090 1638 quod
1129 1585 1211 1627 vim
1244 1587 1304 1627 tui
1338 1599 1440 1639 erga
1484 1599 1551 1627 me
1591 1586 1748 1628 amoris

255 1656 551 1709 intelligebam
574 1689 581 1696 .
607 1690 613 1696 .
638 1690 645 1698 .
680 1657 907 1698 Breviores
940 1663 1083 1697 autem
1104 1657 1251 1698 literas
1275 1656 1429 1708 scribo,
1454 1656 1567 1709 quod
1589 1656 1745 1699 doctis-

257 1727 388 1768 simus
421 1728 485 1768 vir
507 1728 638 1780 Maro,
672 1728 743 1781 qui
766 1728 820 1769 ad
843 1741 920 1769 vos
941 1720 1236 1782 proficiscitur,
1265 1728 1349 1769 iam
1372 1735 1597 1782 petasatus
1617 1728 1745 1770 inter—

253 1799 416 1852 pellat.
443 1833 449 1839 .
476 1832 482 1839 .
517 1798 696 1841 Octavio
728 1799 825 1840 idus
858 1799 960 1841 Feb.
995 1799 1281 1842 M.D.XVIII.
1315 1799 1458 1853 Agria.

459 1979 499 2019 p.
534 1965 603 2008 82.
658 1964 828 2007 Caelius
866 1965 953 2006 Cal.
992 1965 1207 2007 Timotheo
1243 1965 1460 2007 Maozardo
1495 1965 1538 2007 S.

371 2070 655 2124 ζΟδοιποριγ.ὸν
688 2080 805 2113 tuum
840 2072 1138 2114 Germanicum
1172 2079 1215 2114 et
1246 2073 1539 2114 Pannonicum
1566 2073 1741 2114 multum

254 2143 356 2184 mihi
388 2144 622 2197 voluptatis
646 2143 787 2185 attulit
810 2144 1036 2185 Timothee
1058 2144 1115 2185 mi
1138 2144 1404 2195 svavissime,
1439 2157 1564 2197 quom
1583 2144 1627 2185 id
1647 2158 1742 2199 per-

250 2214 402 2268 legens
437 2222 479 2255 et
513 2214 710 2255 exhausti
743 2215 902 2256 laboris
935 2215 1238 2266 meminissem,
1273 2222 1315 2257 et
1336 2216 1433 2257 loca
1453 2228 1564 2268 quae
1586 2215 1738 2270 raptim

250 2286 537 2339 percurrimus
554 2286 596 2326 in
615 2286 698 2327 tuis
713 2287 847 2327 literis
866 2287 996 2327 multo
1016 2286 1278 2327 commodius
1294 2286 1463 2328 viderer
1475 2287 1684 2328 remetiri.
1703 2320 1710 2327 .
1729 2320 1740 2329 .

251 2357 315 2396 Ex
348 2356 584 2397 clarissimo
605 2364 784 2411 parente
808 2364 879 2398 tuo
905 2358 1052 2398 literas
1076 2358 1238 2411 accepi,
1262 2358 1415 2410 quibus
1439 2357 1492 2399 de
1516 2358 1737 2399 stomacho

250 2427 340 2480 agit
373 2426 619 2469 doctissime
640 2462 647 2469 .
667 2461 675 2469 .
696 2460 703 2467 .
728 2428 1056 2483 Hodoeporicon
1079 2430 1257 2470 remitto.
1294 2429 1476 2480 Literae,
1505 2429 1559 2470 de
1583 2428 1737 2482 quibus

249 2497 472 2538 Nicolaum
499 2498 704 2540 Montium
727 2513 892 2541 mecum
916 2500 1045 2540 verbo
1069 2499 1279 2541 facturum
1304 2500 1525 2553 scripsisti,
1549 2500 1618 2541 vel
1640 2506 1738 2554 post

248 2569 420 2622 longam
439 2570 687 2623 indaginem
705 2584 917 2622 nusquam
936 2576 1179 2624 compertae
1199 2577 1308 2612 sunt.
1330 2570 1375 2611 Si
1393 2569 1534 2623 quain
1552 2570 1735 2624 patriam

249 2640 477 2681 scribenda
500 2647 597 2682 sunt
620 2641 708 2693 tibi,
736 2655 853 2695 para.
887 2641 995 2682 Nam
1019 2647 1118 2695 post
1140 2641 1423 2694 paucissimos
1447 2641 1539 2682 dies
1562 2641 1737 2682 nuntius

245 2710 326 2751 iter
352 2719 562 2765 capesset.
598 2712 679 2762 Qui
713 2713 910 2765 quoniam
945 2712 1110 2753 Budam
1144 2712 1291 2763 adibit,
1325 2719 1369 2752 ut
1400 2712 1449 2753 R.
1477 2712 1527 2752 D.
1560 2712 1734 2765 Istrigo-

246 2782 393 2822 nensis
412 2782 558 2824 literas
577 2784 775 2837 accipiat,
798 2783 910 2825 dabo
938 2796 1112 2837 operam
1136 2789 1181 2823 ut.
1202 2783 1339 2824 obiter
1362 2789 1403 2824 et
1426 2782 1655 2824 vos-adeat
1672 2817 1679 2823 .
1698 2816 1704 2823 .
1721 2816 1732 2824 .

244 2853 348 2894 Ibid.
382 2853 504 2895 Febr.
538 2855 590 2895 M.
609 2855 661 2896 D.
678 2854 829 2895 XVIII.
864 2854 1006 2907 Agria.
