1898 3278
1527 149 1593 184 103

110 291 345 334 doctissimi
370 325 376 331 .
404 325 411 334 .
438 325 444 332 .
478 291 691 342 Quantum
724 298 869 333 nostra
903 306 1070 345 quoque
1093 299 1350 347 tempestate
1383 294 1594 334 Pannonii

109 362 222 404 bello
255 363 440 413 valeant,
473 362 584 404 inter
614 363 794 416 plurima
827 370 1079 416 argumenta
1113 364 1340 404 maximum
1373 364 1478 405 illud
1511 370 1592 415 est,

110 432 224 486 quod
280 439 466 475 atrocem
517 434 747 474 Turcarum
800 434 1004 488 impetum
1053 434 1300 486 frequenter
1346 435 1591 488 reprimunt.

108 505 266 546 Essent
310 504 470 545 utinam
513 504 623 545 inter
661 517 707 545 se
742 505 833 545 eius
878 505 1065 558 regionis
1106 506 1310 558 primates
1354 506 1592 552 unanimes,

109 588 161 616 ea
194 575 305 616 enim
337 576 501 616 ratione
534 575 691 616 nedum
723 575 887 616 illatam
920 575 973 616 ab
1006 575 1059 616 iis
1089 575 1286 617 iniuriam
1319 577 1592 630 repellerent,

108 645 185 687 sed
216 646 325 687 ultro
359 659 444 687 non
476 646 679 687 minorem
712 646 795 687 vim
830 645 1025 687 hostibus
1058 646 1216 687 inferre
1249 653 1439 700 possent.
1479 647 1594 688 Inter

107 716 353 758 Pannonios
386 730 470 758 non
492 729 656 770 paucos
688 717 891 770 reperies,
925 717 997 769 qui
1018 716 1142 758 bonis
1164 717 1400 771 disciplinis
1424 731 1591 759 omnem

107 800 281 842 operam
315 788 539 830 collocant.
573 787 691 828 Mitto
725 788 832 829 alios
866 785 1005 842 huius?
1022 788 1303 842 professionis
1336 789 1592 843 complures,

107 866 174 902 est
194 859 305 900 inter
336 859 627 900 Pannonicam
651 858 917 900 nobilitatem
952 859 1199 913 Stephanus
1222 859 1493 910 Verbeutius,
1516 861 1591 907 vir,

108 931 144 972 si
186 930 495 971 humanitatem
540 943 737 982 quaeras,
783 929 1129 981 humanissimus,
1177 931 1214 972 si
1257 931 1475 984 ingenium
1521 945 1592 972 ex-

106 1002 312 1056 postules,
345 1001 732 1054 ingeniosissimus,
767 1001 802 1041 si
836 1001 1069 1042 studiorum
1109 1008 1343 1043 amatorem
1376 1002 1590 1055 exquiras,

105 1073 141 1114 is
174 1072 299 1114 huius
332 1085 470 1126 genus
502 1072 719 1113 hominum
747 1072 1079 1123 amantissimus,
1105 1073 1140 1114 si
1172 1073 1214 1113 in
1247 1073 1376 1115 rebus
1409 1073 1590 1127 agendis

105 1144 390 1185 consultorem
435 1150 629 1197 expetas,
677 1143 924 1197 Stephanus
970 1156 1016 1184 se
1063 1143 1187 1185 offert
1234 1144 1589 1186 consultissimus.

104 1215 153 1256 Id
185 1215 434 1256 fatebuntur
465 1214 658 1268 profecto
692 1228 853 1265 omnes,
889 1215 959 1267 qui
993 1215 1084 1256 eius
1117 1215 1391 1257 Pannonicas
1424 1215 1590 1256 institu-

105 1287 244 1329 tiones
275 1299 412 1340 nuper
443 1285 497 1327 ab
531 1298 582 1326 eo
607 1285 744 1326 editas
776 1285 1121 1339 introspexerint.
1156 1286 1387 1328 Praetereo
1421 1287 1514 1328 eius
1548 1287 1587 1327 in

104 1358 243 1399 Deum
288 1371 339 1399 ac
372 1362 545 1398 sanctos
579 1356 686 1398 alios
731 1357 890 1398 cultum
929 1357 1266 1408 solertissimum,
1312 1358 1516 1411 pietatem
1549 1358 1591 1398 in

104 1429 198 1470 Deo
232 1428 397 1470 dicatos
430 1427 639 1477 homines,
685 1427 727 1468 in
761 1434 937 1469 cunctos
983 1428 1169 1481 reliquos
1204 1429 1468 1479 charitatem,
1516 1442 1590 1470 eos

104 1500 357 1553 praesertim
405 1512 510 1552 quos
555 1498 775 1553 praeditos
821 1498 944 1540 bonis
992 1499 1179 1540 moribus
1228 1500 1588 1542 animadverterit.

103 1570 206 1612 Eius
239 1570 530 1612 munificentia
562 1576 683 1611 tanta
716 1576 795 1620 est·⁷
830 1576 875 1611 ut
908 1584 992 1611 non
1025 1571 1153 1611 aliam
1187 1571 1239 1612 ob
1274 1584 1450 1612 causam
1485 1571 1589 1613 divi-

102 1642 186 1682 tias
219 1641 486 1696 expetendas
520 1641 735 1683 existimet
767 1641 850 1682 nisi
881 1647 927 1683 ut
960 1655 1035 1683 eas
1059 1641 1113 1683 ad
1135 1641 1465 1684 beneficentiam
1485 1643 1589 1685 libe-

102 1712 399 1766 ralitatemque
428 1713 709 1754 conferamus.
744 1713 888 1754 Taceo
911 1713 1160 1766 praesentia
1182 1714 1352 1767 quant-is
1374 1714 1591 1767 qualibus-

103 1796 185 1836 que
218 1784 254 1825 is
287 1797 354 1825 me
388 1784 634 1825 muneribus
666 1784 973 1825 honestaverit.
1007 1784 1103 1825 Non
1126 1784 1273 1826 mirum
1300 1785 1441 1839 igitur,
1477 1785 1512 1826 si
1536 1785 1588 1827 ob

102 1860 247 1896 tantas
291 1856 488 1908 talesque
522 1856 700 1896 virtutes
746 1855 1063 1896 Pannoniorum
1108 1855 1298 1910 Regibus
1332 1856 1587 1911 optimisque

101 1926 224 1979 regni
243 1926 506 1980 principibus
528 1939 698 1980 semper
718 1926 846 1967 fuerit
869 1927 1208 1980 acceptissimus,
1237 1927 1326 1969 Sed
1347 1927 1584 1981 condignas

103 1997 227 2038 amici
259 1997 410 2039 laudes
443 1998 548 2039 locis
583 1997 926 2052 oportunioribus
959 2011 1242 2040 reservamus.

102 2194 296 2240 Ingenio
335 2194 498 2231 Iuveni
536 2195 791 2231 Benedicto
820 2195 1027 2232 Bekenio
1058 2195 1310 2239 Pannonio,
1344 2196 1503 2237 amico,
1532 2206 1586 2232 ao

293 2259 520 2307 discipulo
548 2271 686 2308 quam
710 2260 985 2307 gratissimo.
1014 2260 1057 2307 (J
1060 2261 1130 2297 oh.
1159 2260 1397 2305 Camers.)¹

218 2396 227 2406 .
259 2398 265 2404 .
299 2397 306 2404 .
339 2365 461 2406 Hunc
500 2366 839 2418 qualemcunque
878 2366 1070 2408 laborem
1115 2372 1306 2407 nostrum
1339 2367 1476 2408 amico
1509 2366 1586 2407 tibi

101 2448 153 2476 ac
185 2436 469 2477 Romanorum
501 2442 717 2489 gestorum
754 2437 807 2478 ab
840 2437 1140 2478 incunabulis.
1168 2472 1174 2478 .
1202 2471 1209 2478 .
1245 2437 1436 2478 studioso
1471 2437 1585 2478 dica—

220 2575 230 2594 1
273 2575 392 2616 „Sexti
417 2575 499 2610 Rufi
525 2576 726 2610 consularis
754 2576 798 2610 de
826 2576 940 2610 tribus
979 2577 1223 2610 Romanorum
1249 2576 1451 2620 imperandi
1480 2586 1587 2620 gene-

99 2634 198 2668 ribus
225 2634 343 2678 deque
371 2635 522 2669 Romani
550 2635 689 2678 imperii
717 2636 930 2670 accessione
958 2636 1102 2670 libellus
1130 2646 1273 2677 aureus,
1310 2646 1377 2680 per
1402 2636 1584 2670 Joannem

101 2691 304 2728 Camertem
331 2694 466 2728 ordinis
494 2694 680 2737 Minorum,
707 2705 774 2729 3110
794 2695 900 2729 1111011
927 2698 1101 2738 quantum
1126 2694 1204 2729 fieri
1231 2696 1359 2738 potuit.
1387 2695 1585 2729 novissime

100 2753 300 2787 restitutus.
327 2753 501 2788 Eiusdem
528 2752 705 2788 Camertis
730 2755 955 2798 quorundam
980 2754 1230 2788 obscuriorum
1254 2755 1416 2789 locorum
1437 2753 1582 2788 Scholia

100 2811 270 2845 adiuncta
308 2813 494 2855 paucula.“
537 2811 701 2856 (Camers
728 2813 862 2847 Lucius
895 2813 1023 2847 Florus
1062 2813 1216 2847 kiadasa
1243 2814 1358 2851 utanj)
1403 2810 1436 2846 A
1463 2813 1586 2856 ko'nyv

100 2868 241 2914 vegen:
288 2871 527 2914 „impressum
566 2872 728 2907 Viennae
768 2873 976 2906 Pannoniae
1015 2882 1080 2915 per
1117 2872 1298 2907 Joannem
1346 2872 1585 2916 Singrenium.

100 2928 207 2963 Anno
234 2930 357 2964 1528.··
387 2929 681 2975 Negyedretben.
714 2930 972 2974 (Kemenynelz
1000 2931 1236 2973 Kalaszatok‚
1264 2943 1297 2975 p.
1327 2933 1394 2973 69„
1424 2932 1491 2973 To.)
