1955 3278
104 281 170 315 295

103 635 171 669 300

104 989 172 1023 305

103 1344 172 1377 310

106 1699 173 1733 315

108 2055 176 2089 320

110 2411 181 2443 325

112 2764 181 2798 330

1519 127 1585 161 241

220 272 262 313 Is
294 284 510 324 nunquam
544 284 697 325 corpus
730 271 831 311 luxu
866 271 1092 312 maculavit
1124 271 1281 324 iniquo,

282 342 369 383 Sed
402 342 558 383 mansit
591 341 766 382 caelebs
800 354 990 394 corpore,
1026 348 1181 390 mente,
1215 342 1314 384 fide.

221 412 300 453 Hic
332 412 498 454 iuvenis
532 425 741 453 summum
774 418 987 466 prostrato
1022 426 1197 466 corpore
1232 420 1420 461 sanctus,

281 483 488 524 Pulsabat
520 483 719 537 precibus
754 489 878 523 nocte
913 482 1067 535 dieque
1100 483 1254 525 Iovem.

222 554 428 595 Gamales
462 553 670 606 siquidem
703 566 873 607 semper
906 555 1160 607 contempsit
1193 568 1373 603 anioreS,

280 626 418 678 Atque
453 625 710 678 voluptates,
745 625 852 671 ocia,
886 624 1058 673 blanda„
1094 639 1266 675 merum,

222 695 429 737 Omnibus
463 696 702 749 exemplum
737 695 929 737 tribuens
962 696 1207 737 venerabile
1241 710 1416 743 morum.¹

280 767 493 808 Aeternae
527 767 699 820 planum
733 766 811 807 rite
847 766 996 807 salutis
1029 767 1121 808 iter.

222 837 340 879 Illius
373 837 472 878 hinc
504 837 689 878 animam
724 837 847 877 niveo
882 837 1066 879 candore
1101 852 1321 879 coruscam

283 909 402 958 Quae
435 908 576 949 fuerat
610 908 738 948 nullis
771 908 884 949 victa
917 908 1201 962 cupidinibus7

224 979 433 1021 Dulcibus
467 979 690 1032 angelicus
725 985 873 1020 coetus
905 980 1206 1021 resonantibus
1240 980 1407 1033 hymnis

282 1051 407 1091 Vexit
442 1050 496 1091 ad
532 1050 717 1103 Empirei
750 1063 884 1103 regna
915 1051 1046 1091 beata
1079 1050 1213 1092 ducis.

222 1122 410 1175 Postque
443 1121 673 1162 Ladislaus
708 1122 813 1162 nulli
844 1121 1005 1175 pietate
1039 1122 1254 1163 secundus

281 1193 371 1233 Rex
403 1193 550 1246 viguit,
586 1193 706 1233 cuius
741 1192 969 1246 splendida
1001 1193 1115 1234 facta
1150 1199 1336 1235 manent.

223 1264 331 1304 Nam
364 1264 531 1305 miseris
566 1277 736 1317 semper
768 1263 907 1304 viduis
942 1263 1182 1317 Christique
1217 1265 1419 1307 ministris

281 1334 547 1376 Praesidium
582 1335 739 1386 tribuit⁷
774 1334 1081 1387 munificasque
1115 1349 1278 1376 manus.

222 1405 462 1460 Hospitium
496 1406 639 1446 multis
673 1411 797 1447 caute
830 1405 1081 1459 praestabat
1115 1407 1265 1459 egenis

283 1477 422 1529 Atque
455 1477 692 1530 peregrinis
727 1490 903 1518 munera
935 1477 1056 1530 larga
1089 1477 1234 1519 dabat.

224 1548 302 1589 Hic
335 1561 504 1601 semper
536 1547 650 1588 licite
685 1547 849 1600 regalia
882 1554 1053 1601 sceptra
1086 1549 1265 1601 gerebat

281 1618 484 1660 Reddens
518 1632 592 1672 pro
626 1618 787 1659 meritis
820 1619 984 1672 premia
1017 1619 1147 1672 digna
1180 1620 1316 1662 malis.

224 1690 302 1731 Hic
335 1689 474 1730 fuerat
508 1689 619 1730 mitis
653 1694 743 1730 tota
776 1689 966 1731 bonitate
1000 1688 1235 1744 replet11s,2

284 1761 338 1801 Et
368 1761 571 1815 princeps
605 1774 730 1801 verus
763 1761 1036 1813 iustitiaeque
1071 1769 1202 1803 tenor.

227 1831 346 1873 Sicut
379 1832 491 1873 enim
523 1832 636 1873 iusta
668 1832 880 1873 Traianus
914 1839 1054 1873 mente
1088 1833 1265 1879 nitebat,

287 1903 405 1945 Sicut
439 1909 480 1944 et
512 1903 689 1956 antiqua
720 1903 943 1956 relligione
978 1903 1128 1950 Numa,

227 1975 298 2016 Sic
330 1974 366 2015 is
398 1974 567 2028 legiferi
601 1981 666 2015 est
700 1980 891 2016 sectatus
924 1975 1017 2015 iura
1052 1975 1248 2029 Lycurgi⁷

287 2046 470 2087 Pectora
504 2045 716 2087 servando
750 2045 903 2087 iudicis
937 2059 1076 2098 aequa
1109 2047 1222 2089 boni.

228 2116 420 2166 Qualiter
452 2117 533 2158 hoc
565 2130 745 2170 regnum
778 2116 951 2170 placida
984 2117 1062 2158 sub
1096 2119 1192 2172 lege
1226 2125 1406 2169 teneret⁷

287 2188 395 2228 Nam
430 2201 507 2228 sua
539 2188 770 2241 praecipue
804 2188 989 2228 maxima
1022 2201 1123 2229 cura
1154 2189 1244 2230 fuit.

228 2258 435 2300 Omnibus
458 2257 526 2299 hic
550 2258 733 2311 populis,
765 2258 949 2309 famulis,
974 2258 1242 2312 dominisque
1267 2261 1477 2314 superbis,

288 2329 497 2370 Iustitiam
531 2328 674 2370 stabili
707 2329 904 2383 praebuit
935 2329 1007 2370 ille
1041 2344 1181 2373 manu.

232 2400 327 2441 Non
360 2399 440 2440 fuit
473 2400 541 2441 hic
574 2400 720 2441 mundi
753 2414 864 2441 vano
898 2400 1103 2442 seductus
1137 2415 1295 2452 amore,

290 2471 376 2513 Sed
409 2484 489 2512 nec
522 2471 687 2512 deliciis
720 2471 964 2512 ludificatus
1000 2479 1100 2513 erat.

230 2542 352 2583 Hunc
384 2541 513 2595 igitur
545 2555 747 2595 proceres
781 2542 903 2595 regni
936 2550 1182 2584 constanter
1214 2545 1416 2587 amabant

291 2612 512 2654 Communi
544 2618 656 2663 voto,
693 2612 754 2654 sic
786 2614 996 2667 populosa
1030 2614 1193 2655 cohors.

231 2684 413 2737 Magnus
447 2688 551 2733 erat,
585 2683 723 2724 forma
756 2685 911 2733 celsus,
947 2685 1098 2725 virtute
1133 2699 1347 2727 coruscus.

290 2755 428 2807 Atque
461 2767 589 2795 manu
622 2754 757 2805 fortis,
792 2755 1025 2808 relligionis
1059 2769 1222 2797 amans.

236 2906 244 2926 ¹
273 2908 424 2951 aegenis
451 2908 495 2942 A.
585 2909 748 2951 repletus
777 2909 817 2941 A.

185 2987 210 3014 J.
232 2989 312 3014 Anax<
351 2990 508 3015 Ammon
530 2998 616 3015 NOVA.
1415 2980 1457 3013 1ss
