1955 3278
48 1132 115 1166 235

48 1487 116 1522 240

50 2198 117 2232 250

52 2554 119 2587 255

172 272 351 313 Loricae
384 271 563 325 rigidae,
588 272 769 322 cristae,
803 271 1059 324 galleaeque
1092 279 1311 314 comantes

231 342 316 384 Seu
349 343 527 384 miseros
561 342 768 392 homines,
804 354 913 395 quae
949 342 1136 383 cruciare
1172 343 1320 384 solent.

168 414 263 455 Non
296 413 452 454 desunt
483 413 666 467 pedites,
701 412 919 466 opulentia
952 426 1108 465 magna
1140 413 1363 464 redundat,

228 483 349 533 Quae
384 489 559 537 superat
589 484 734 536 largas
768 482 1047 536 Pigmalionis
1081 496 1199 536 opes.

169 554 276 596 Sunt
309 554 496 607 equitum
531 554 667 604 cunei,
701 560 799 595 sunt
830 553 1124 605 instrumenta,
1158 554 1398 608 phalanges

227 626 281 666 Et
314 624 509 667 celebres
542 637 702 674 currus,
736 637 940 676 armaque
973 624 1106 664 multa
1138 624 1276 667 nimis.

169 696 276 738 Sunt
309 696 451 738 celsae
484 708 632 745 naves,
666 695 838 736 foelicia
872 695 1065 746 carbasa,
1101 696 1279 747 classes,

223 767 444 820 Bladaque
479 766 803 820 quadrupedum
836 766 972 807 dulcis
1005 779 1146 808 avena
1178 768 1310 809 cibus.

168 837 319 880 Omnia
352 845 450 879 sunt
482 837 604 879 vobis
638 837 749 878 dono
783 850 991 879 concessa
1026 837 1199 879 deorum

227 909 346 959 Quae
379 908 503 951 bellis
536 909 650 950 licite
684 922 830 962 pugna
863 915 1040 950 cruenta
1072 909 1200 959 velit;

166 980 322 1022 Nititur
354 980 552 1021 immanis
584 980 746 1033 patrios
780 980 1029 1021 subvertere
1062 981 1181 1034 ritus,

227 1051 515 1105 Symbolicam
548 1051 707 1105 pariter
739 1051 1015 1104 suppeditare
1048 1051 1190 1093 fidem.

166 1121 432 1163 Blasfemare
468 1121 607 1173 deum,
641 1122 762 1175 leges
795 1121 1033 1164 dissolvere
1068 1129 1255 1175 sanctas⁷

227 1193 446 1245 Sanguine
481 1199 673 1234 sacratos
707 1193 1018 1234 commaculare
1051 1194 1176 1235 lares.

167 1265 306 1317 Atque
341 1264 549 1305 salutiferi
582 1277 738 1305 nomen
770 1264 1015 1306 venerabile
1051 1264 1208 1307 Christi

225 1335 395 1376 Tollere
429 1335 482 1376 de
515 1335 656 1376 medio
690 1335 1063 1388 christicolumque
1096 1350 1247 1390 genus.

166 1406 351 1448 Maxima
383 1420 485 1448 cura
517 1406 596 1447 fuit
628 1406 792 1447 Danais
826 1406 1096 1459 studiumque
1130 1408 1312 1455 colendi,

226 1477 424 1530 Antiquis
458 1491 629 1532 semper
660 1478 879 1531 religionis
911 1479 1016 1529 iter3

167 1548 412 1590 Credebant
444 1554 544 1589 tunc
577 1549 739 1602 grande
772 1549 940 1603 nephas
974 1556 1016 1590 et
1047 1556 1181 1591 morte
1206 1550 1410 1604 piandum

223 1620 428 1661 Divorum
460 1620 565 1661 ritus
599 1621 667 1661 vel
699 1621 860 1662 violare
893 1634 1052 1675 parum.

170 1691 432 1745 Cecropidae
466 1691 733 1745 portentifico
767 1705 948 1733 sanxere
981 1705 1162 1743 veneno,

226 1761 388 1804 Iudicio
421 1762 591 1803 doctum
624 1762 805 1816 perdere
838 1776 992 1816 nempe
1027 1776 1188 1813 senem,

168 1831 292 1882 Quod
326 1833 436 1874 male
471 1834 681 1875 sensisset
712 1834 856 1887 prisca
888 1834 941 1875 de
973 1835 1211 1888 relligione,

227 1903 347 1953 Quae
380 1910 480 1945 tunc
512 1905 554 1945 in
587 1904 711 1945 terris
745 1905 905 1958 optima
938 1906 1030 1947 visa
1062 1905 1153 1947 fuit.

166 1975 258 2017 Hac
290 1975 417 2016 etiam
450 1982 641 2017 veterum
674 1977 874 2029 princeps
907 1976 1071 2017 ratione
1107 1976 1345 2031 Sophorum

226 2046 422 2087 Palladia
454 2047 589 2088 solum
622 2048 770 2102 pulsus
805 2048 858 2089 ab
893 2048 996 2089 urbe
1030 2048 1121 2099 fuit,

167 2117 344 2171 Ingenio
379 2118 572 2170 quamvis
605 2132 761 2160 causas
794 2126 1020 2172 penetrare
1052 2119 1252 2169 latentes,

224 2188 266 2229 Is
300 2188 443 2230 docuit
475 2190 604 2230 celeri
637 2189 841 2243 dogmata
874 2197 1028 2231 cuncta
1061 2190 1199 2242 simul,

168 2259 312 2301 Mollia
345 2274 418 2301 cur
451 2261 595 2315 tepido
629 2267 862 2302 nascantur
893 2261 1087 2314 gramina
1120 2263 1226 2314 sole,

228 2330 310 2372 Cur
342 2345 486 2372 rursus
520 2331 623 2372 duro
655 2331 814 2385 frigore
848 2338 949 2373 nata
983 2333 1162 2384 cadant3

169 2401 252 2442 Cur
286 2402 445 2443 salsum
469 2416 598 2448 mare,
632 2416 706 2444 0111·
737 2403 937 2444 Phoebes
970 2412 1056 2444 tam
1079 2404 1263 2446 discolor
1285 2405 1398 2446 orbis

226 2474 279 2514 Et
312 2487 385 2515 cur
417 2483 504 2514 tam
537 2474 686 2515 crebro
720 2474 888 2515 turbine
922 2483 1075 2515 ventus
1109 2482 1203 2525 eat3

172 2544 255 2585 Cur
288 2545 348 2586 sic
382 2545 588 2598 stelligeri
619 2551 810 2586 vertatur
843 2546 994 2586 semita
1027 2546 1148 2595 coeli,

230 2615 312 2657 Cur
344 2629 477 2669 vapor
508 2617 551 2657 in
586 2617 745 2657 formas
778 2617 953 2658 vertitur
986 2629 1120 2668 usque
1154 2630 1304 2668 novas,

170 2686 362 2728 Nubibus
394 2687 603 2728 inclusum
637 2687 769 2728 faciat
803 2688 895 2739 quis
929 2686 1115 2727 fulminis
1148 2687 1305 2740 ignem,

229 2757 425 2811 Quidque
460 2766 625 2799 cometa
657 2759 814 2800 rubens
847 2757 1012 2811 grando
1043 2758 1095 2798 sit
1116 2765 1244 2810 atque
1277 2758 1411 2800 nives.

171 2828 294 2870 Unde
329 2842 562 2870 cavernoso
595 2836 747 2870 ventos
782 2836 897 2869 creet
931 2827 1118 2869 Aeolus¹
1154 2836 1258 2880 atro,

174 2920 183 2939 1
211 2921 347 2955 Eoulus
374 2921 415 2954 A.

1404 590 1413 607 7

1404 2439 1413 2457 7

1324 2981 1389 3013 15*
