1919 3273
315 130 387 165 400

389 285 410 318 5

466 274 673 316 Mirantur
705 275 853 329 populi
886 281 1149 330 spectantes,
1185 276 1322 318 omnis
1356 282 1398 317 et
1431 282 1553 318 aetas

527 345 719 387 Conterit
752 352 956 400 aspectus
989 347 1168 401 pulchra
1201 360 1278 400 per
1311 360 1386 388 ora
1420 360 1531 388 suos.

465 416 648 458 Indulsit
680 423 834 458 natura
867 417 950 459 sibi
983 416 1062 472 (sic
1096 432 1201 460 corr.
1237 431 1289 459 ex
1322 417 1436 459 tibi?
1470 416 1812 472 megforditva)?

1263 489 1365 542 quid
1387 488 1639 543 pulchrius?
1667 489 1813 531 insunt

526 559 725 613 Principe
759 559 795 600 si
826 559 959 602 virtus
993 567 1034 602 et
1069 560 1200 603 decor
1232 573 1350 601 arma
1382 560 1516 614 vigor.

316 737 389 778 Ad
411 737 590 778 eundem
621 736 765 779 divum
796 737 1095 779 Vuladz'slaum
1124 737 1355 792 Hunyarz'e
1386 741 1423 779 et
1445 736 1646 779 Bohemie
1675 752 1813 793 reyem

314 807 522 851 invictiss.
544 809 593 850 de
612 807 723 851 mira
741 808 831 851 eius
849 807 1115 861 fortitudine,
1142 823 1222 862 que
1237 808 1390 851 similis
1412 808 1614 851 Herculis
1635 808 1812 851 videtur.

389 1272 411 1305 5

368 1629 413 1663 10

369 1986 413 2019 15

368 2342 415 2377 20

983 880 1153 936 Eley‘zssa.

466 975 648 1016 Numine
683 989 809 1028 quam
844 976 971 1017 simili
1004 983 1225 1030 spectatur
1256 977 1299 1017 in
1333 976 1528 1018 Herculis
1562 976 1683 1018 aede.

527 1046 764 1089 Consecrat
796 1049 838 1089 in
872 1048 995 1089 Latio
1030 1061 1155 1101 quem
1190 1061 1268 1090 sua
1300 1048 1418 1089 fama
1451 1048 1557 1090 foro.

467 1118 521 1159 Et
553 1119 690 1160 minor
721 1118 910 1171 Alcides,
946 1126 986 1160 et
1020 1119 1156 1160 maior
1188 1127 1367 1173 uterque
1401 1125 1623 1161 tonantem

528 1189 611 1232 Ore
645 1196 778 1241 notat,
811 1190 947 1244 gestis
981 1196 1067 1232 stat
1098 1197 1201 1231 nota
1233 1204 1401 1244 queque
1436 1191 1537 1233 suis.

470 1261 574 1303 Cum
607 1275 713 1315 puer
744 1262 887 1303 Elisos
921 1262 1118 1303 manibus
1153 1262 1214 1303 sic
1247 1270 1467 1316 presserat
1499 1261 1669 1317 Hydros

529 1331 683 1374 Stabat
716 1339 758 1374 et
790 1333 834 1374 in
868 1333 987 1374 cunis
1023 1333 1093 1386 qui
1125 1333 1226 1375 Iove
1260 1339 1387 1374 natus
1423 1340 1527 1376 erat.

467 1404 572 1445 Inde
606 1410 725 1446 tenet
755 1405 878 1447 levus
911 1404 1095 1459 prefulvi
1128 1405 1318 1458 tegmina
1350 1406 1541 1457 monstri,

529 1476 697 1517 Fortius
731 1476 946 1525 Archadie
980 1476 1225 1518 commodat
1257 1489 1332 1517 ora
1364 1476 1467 1525 fere.

468 1548 623 1589 Forma
645 1548 791 1601 Lybis,
810 1548 1130 1600 membrumque
1149 1548 1304 1601 triplex
1322 1554 1364 1589 et
1386 1547 1597 1589 Cerberus
1616 1548 1785 1603 anguis,

528 1619 724 1661 Imminet
758 1626 800 1660 et
831 1620 1042 1670 volucres,
1076 1632 1232 1673 agmen
1267 1626 1481 1672 equestre,
1516 1619 1649 1661 lacus.

468 1690 636 1731 Aureus
669 1690 817 1731 hortus
852 1698 955 1742 erat,
991 1690 1225 1744 superabat
1258 1690 1478 1732 Amazona
1511 1703 1636 1742 nexu,

529 1762 583 1802 Et
619 1761 738 1803 crudi
770 1761 889 1816 pavit
924 1775 1017 1803 cum
1051 1761 1288 1815 Dyomedis
1323 1775 1470 1814 equos.

470 1833 559 1874 Ista
591 1833 707 1887 prior
740 1832 902 1874 domuit
934 1833 1228 1887 Princepsque
1263 1833 1450 1886 gesserit
1483 1832 1624 1874 audax

529 1904 725 1958 Percipe,
759 1904 1010 1945 Pannonica
1044 1917 1171 1957 quem
1204 1904 1306 1945 colit
1339 1903 1449 1945 aede
1483 1917 1627 1946 nurus.

471 1975 620 2016 infans
655 1975 837 2017 obtinuit
871 1975 1067 2029 populos,
1102 1982 1362 2029 gentemque
1396 1975 1633 2016 Bohemam

529 2047 611 2087 Pro
645 2047 747 2089 Iove
781 2047 1017 2100 sacrilegos
1051 2046 1161 2087 fudit
1194 2047 1248 2087 ab
1283 2060 1382 2088 arce
1416 2060 1574 2100 greges

470 2117 575 2159 Inde
609 2124 756 2172 togam
789 2118 930 2172 rapuit
962 2117 1205 2171 precellens
1238 2117 1392 2159 robore
1427 2131 1581 2159 canam

529 2191 584 2231 Et
616 2190 768 2231 meruit
803 2203 949 2231 currus
983 2190 1222 2243 laurigeros
1257 2203 1391 2243 equos

471 2263 632 2303 Postea
667 2261 864 2303 crudeles
898 2262 1062 2303 Turcos
1096 2261 1251 2303 deiecit
1285 2261 1339 2302 ab
1374 2262 1458 2302 oris

530 2333 806 2383 Pannonicis,
841 2346 916 2386 pro
951 2345 1033 2385 quo
1067 2346 1175 2386 gens
1208 2332 1381 2373 inimica
1413 2332 1539 2374 iacet.

470 2405 631 2446 Postea
667 2403 894 2445 Sarmatici
926 2404 1018 2445 Rex
1050 2403 1186 2457 prelia
1219 2403 1412 2444 contudit
1446 2404 1583 2445 amnis

532 2476 584 2515 Et
619 2475 769 2516 Getico
804 2475 961 2516 totiens
996 2475 1174 2528 hymbre
1207 2475 1360 2516 relavit
1394 2488 1561 2528 equum.

471 2547 617 2588 Victor
649 2546 918 2600 hyperboree
952 2551 1054 2599 quot
1086 2545 1252 2599 perfida
1287 2546 1458 2587 sustulit
1490 2558 1561 2593 ort·¹

531 2618 652 2668 Tela,
686 2624 912 2658 recusatos
947 2617 1065 2657 duxit
1099 2617 1153 2657 ab
1187 2617 1289 2658 orbe
1323 2617 1495 2670 gradus.

399 2701 414 2708 ⁷
474 2690 527 2730 Et
560 2688 739 2729 delubra
772 2688 866 2740 deo,
902 2688 1071 2742 populis
1107 2687 1225 2728 dedit
1259 2688 1353 2729 ocia
1386 2688 1587 2742 princeps

531 2760 790 2813 Hungaricis
822 2760 961 2813 patrio
997 2766 1196 2812 sertaque
1230 2766 1354 2813 parta
1386 2759 1501 2812 iugo.

472 2832 657 2872 Tantum
689 2831 818 2883 igitur
850 2844 1019 2881 numen,
1054 2830 1183 2870 tantis
1218 2837 1259 2871 et
1294 2829 1451 2872 sufficit
1485 2830 1592 2871 actis

532 2901 810 2942 Vuladislaus
844 2902 990 2946 habet,
1025 2907 1189 2955 prestat
1223 2908 1265 2942 et
1299 2915 1373 2942 ora
1406 2907 1572 2955 potens.
