1919 3273
311 89 383 123 448

384 2099 427 2131 (353

463 233 598 285 Regia
631 232 763 285 digna
796 232 922 282 Iovis,
956 231 1153 273 nascenti
1184 231 1334 285 pervia
1365 231 1543 272 Phoebo

462 303 705 345 Roscidulis
738 303 992 344 Phaetontis
1028 303 1149 355 equis
1184 301 1356 354 quando
1388 315 1518 342 aurea
1549 315 1656 343 cano

463 376 709 428 Purpureas
743 387 897 415 aurora
930 387 1075 415 comas
1109 373 1161 414 de
1195 374 1365 426 gurgite
1399 373 1574 426 profert,

464 446 595 487 Tollit
623 445 678 487 ad
701 452 819 486 astra
852 450 993 499 caput,
1017 430 1307 497 laqueataque
1331 449 1446 485 tecta
1474 445 1665 486 coruscis

468 517 650 567 Divitiis,
685 529 918 569 crassoque
953 516 1098 556 trabes
1133 514 1412 556 absconditur
1445 528 1562 557 auro.

524 588 625 628 Istic
658 587 877 628 Phidiacis
910 587 1055 628 lucent
1088 593 1263 627 asarota
1295 586 1458 639 figuris,

467 659 719 700 Fornicibus
753 664 942 700 crustata
976 658 1141 709 domus,
1175 658 1387 710 Parioque
1421 657 1581 710 politae

466 730 646 783 Effigies
679 730 815 771 instar
848 730 1013 783 speculi
1046 729 1100 770 de
1134 742 1344 769 marmore
1377 728 1557 782 fulgent.

468 800 602 842 Ornat
635 802 827 843 caelatos
861 814 938 841 aes
970 800 1134 841 fulvum
1168 806 1210 841 et
1243 800 1371 841 fusile
1404 805 1567 853 posteS,

468 874 733 927 Purpureum
759 873 940 914 Sardam
964 873 1228 913 maculosum
1252 872 1464 925 onychen,
1489 871 1594 912 ebur
1616 872 1706 912 alta

470 945 589 985 Atria
622 952 850 996 sustentat,
885 944 1009 986 viridi
1042 943 1245 984 distincta
1278 942 1522 996 smaragdo,

472 1015 813 1069 Circumquaque
847 1016 959 1057 calet
991 1015 1089 1056 fons
1122 1014 1323 1068 limpidus
1356 1013 1493 1055 undis.

476 1195 481 1202 .
510 1195 517 1202 .
543 1193 549 1200 .
573 1160 668 1201 Ibat
691 1160 876 1201 Ioannes
906 1157 1104 1209 Gost011,1
1125 1164 1317 1199 veterum
1339 1162 1467 1209 atque
1491 1169 1695 1197 novorum

474 1231 711 1285 Hystorias,
748 1230 1010 1283 Sacramque
1046 1229 1209 1280 Chelin,
1246 1229 1317 1282 qui
1351 1228 1496 1269 sidera
1531 1227 1640 1269 coeli

474 1303 614 1353 Novit,
649 1316 727 1343 ceu
760 1301 956 1356 proprios
989 1314 1157 1354 ungues
1184 1335 1190 1341 .
1218 1334 1226 1342 .
1253 1334 1260 1342 .

477 1444 647 1486 Deinde
680 1444 911 1485 Ladislaus
944 1440 1205 1494 Vaciensis,2
1242 1442 1393 1484 dexter
1425 1442 1609 1496 agundis

476 1516 728 1557 Pannoniae
750 1515 794 1556 in
816 1515 958 1565 rebus,
983 1515 1192 1556 charitum
1215 1514 1467 1567 Phoebique
1492 1513 1711 1564 sacerdos,

479 1588 716 1628 Emunctae
749 1586 922 1627 nimium
955 1586 1085 1637 naris,
1120 1585 1232 1639 pede
1268 1586 1358 1626 sive
1390 1585 1540 1638 ligato,

480 1658 578 1699 Sive
611 1658 730 1699 lubet
762 1671 966 1711 magnum
1001 1670 1196 1698 sermone
1230 1662 1380 1697 tonare
1416 1656 1555 1698 soluto

479 1730 691 1782 Aequavit
724 1735 906 1775 veteres,
940 1728 1189 1782 praesentia
1222 1728 1396 1769 nomina
1428 1727 1570 1769 vincit.

480 1800 588 1842 Huic
621 1801 764 1841 haesit
795 1800 920 1854 parili
954 1799 1191 1840 studiorum
1223 1799 1367 1850 laude,
1405 1798 1648 1840 Cathedrae

481 1872 719 1913 Boznensis
739 1869 753 1892 3
788 1872 974 1925 praesul,
1006 1871 1193 1923 reliquos
1228 1883 1424 1911 sermone
1457 1870 1639 1924 pelasgo

482 1942 714 1984 Pontifices
748 1956 903 1996 magno
937 1948 1036 1996 post
1070 1955 1115 1983 se
1148 1941 1266 1983 videt
1298 1941 1586 1983 intervallo..
1614 1974 1622 1982 .

485 2087 621 2136 Quem
646 2085 769 2126 simul
792 2090 834 2126 et
855 2086 1019 2138 Regem
1043 2084 1173 2126 tacito
1198 2084 1442 2135 observare,
1468 2082 1705 2136 Georgius4

488 2158 714 2211 Caeperat,
746 2156 930 2209 insignis
964 2156 1137 2209 praesul
1171 2154 1655 2208 Quinqueecclesiarum

487 2228 593 2281 (Sed
611 2229 722 2269 male
740 2227 783 2268 in
801 2227 1049 2268 hexametro
1074 2226 1286 2280 quadrant
1304 2227 1414 2267 haec
1434 2225 1606 2266 nomina
1625 2222 1769 2278 versu)
1814 2219 1815 2222 ¹

491 2301 659 2353 [nteger
694 2306 735 2341 et
768 2313 898 2354 purus
932 2299 1109 2340 sceleris
1143 2298 1210 2339 cui
1242 2297 1427 2338 maxima
1458 2296 1597 2349 Regni

488 2372 572 2412 Res
606 2385 733 2413 curae
768 2377 847 2422 est,
883 2377 924 2412 et
957 2371 1025 2412 cui
1059 2383 1136 2410 sua
1171 2368 1439 2409 Cancellaria
1462 2381 1588 2409 curae
1613 2374 1689 2408 est.

489 2442 560 2483 Vir
592 2443 805 2497 probitate
838 2444 1005 2495 ingens,
1040 2441 1138 2481 huic
1170 2453 1256 2481 11011
1290 2438 1524 2480 consultior
1557 2438 1665 2479 alter

506 2515 637 2556 {ebus
670 2515 712 2554 in
746 2514 972 2566 ambiguis,
1005 2511 1126 2552 fandi
1159 2510 1454 2564 gnarissimus,
1488 2509 1561 2550 1110

464 2643 773 2687 Szeljegyzetben
800 2652 820 2674 a
846 2639 1054 2674 ko'vetkezo'
1080 2637 1392 2681 magyarazatok:

468 2703 475 2721 ¹
506 2701 760 2736 Reverendiss.
789 2701 831 2734 D.
859 2700 962 2733 Iauri.

464 2762 476 2780 ²¹
504 2763 674 2796 Revmus
701 2761 743 2793 D.
770 2759 941 2793 Vaciensi
967 2758 1054 2792 Lad.
1083 2757 1276 2791 Zalkanus.

467 2821 478 2839 3
504 2821 545 2854 R.
573 2821 614 2854 D.
642 2820 769 2853 Micha.
798 2818 970 2853 Keserew
996 2818 1080 2861 Eps.
1108 2817 1267 2850 Boznen.

467 2881 478 2898 ⁴
506 2881 546 2914 R.
573 2879 615 2913 D.
644 2878 750 2913 Geor.
777 2878 888 2921 Epus.
917 2875 1321 2919 Quinqueecclesiensis
1348 2874 1466 2919 Regni
1493 2873 1751 2908 Cancellarius.
