1898 3278
1523 148 1568 181 63

201 291 443 345 Epitomate
478 290 613 331 additi
645 297 743 331 sunt
770 303 862 331 cum
886 291 1000 331 bona
1025 297 1146 344 parte
1174 291 1307 332 Tertii
1328 290 1433 332 libri.
1464 290 1569 332 Erat

85 362 198 403 enim
231 361 300 403 hic
333 361 424 402 sine
459 362 613 415 capite,
648 374 730 413 quo
757 361 917 402 factum
940 368 1006 401 est
1029 367 1073 401 ut
1094 361 1223 403 iidem
1246 361 1336 403 fere
1359 361 1402 402 hi
1425 361 1568 402 existi-

84 432 190 473 mari
221 432 400 486 possint,
435 432 505 484 qui
538 437 660 473 erant
690 431 858 484 integri,
892 432 1092 484 quoniam
1125 445 1178 473 ea
1205 438 1270 473 est
1297 432 1491 483 materia,
1525 438 1569 472 ut

84 516 169 544 non
203 504 333 544 multa
367 503 560 543 subtrahi
592 516 645 543 ex
678 502 739 543 eis
772 502 999 556 potuerint.
1042 502 1188 544 Habes
1220 503 1347 556 igitur
1377 503 1569 557 integros

84 574 297 615 Athenaei
318 573 460 615 libros.
497 573 721 614 Dabuntur
742 580 787 613 ut
811 586 950 626 spero,
983 579 1025 613 et
1048 573 1132 624 alii,
1157 574 1229 625 qui
1259 573 1570 626 desyderantur

84 644 311 695 Authores‚
356 645 423 685 vel
468 644 587 685 brevi
632 643 779 684 faveat
811 643 940 684 Deus.
990 643 1274 692 Quamobrem
1321 645 1462 685 omnia
1494 644 1571 686 tibi

85 714 255 757 abunde
289 722 423 761 erunt,
470 722 513 755 ut
547 714 691 755 Musas
725 714 889 755 Atticas
922 714 963 755 in
997 714 1178 768 patriam
1211 721 1325 756 tuam
1359 715 1569 768 gloriosus

84 786 259 827 referas.
294 785 410 826 Vale.

202 854 394 897 Venetiis
429 857 576 897 Mense
609 856 814 909 Augusto.
849 855 902 896 M.
925 856 976 896 D.
999 855 1161 897 XIIII.l

110 1052 321 1098 (Antonii
349 1052 545 1088 Bonfini
578 1052 652 1088 Ad
678 1051 849 1088 Divina
875 1052 1170 1089 Uladislaum
1201 1052 1549 1089 Serenissimum

304 1117 539 1165 Ungariae
567 1117 877 1164 Boemiaeque
905 1117 1081 1164 Regem
1106 1117 1355 1154 Praefatio.

206 1217 521 1270 Contemplanti
543 1216 645 1256 mihi
667 1229 812 1269 saepe,
839 1229 964 1268 quam
987 1215 1091 1257 felix
1113 1223 1155 1257 et
1176 1216 1322 1257 fausta
1346 1216 1571 1257 universae

86 1287 336 1328 Pannoniae
382 1286 621 1328 Maiestatis
666 1294 836 1327 vestrae
882 1286 960 1327 fuit
993 1287 1160 1338 electio7
1206 1287 1413 1341 Princeps
1448 1286 1573 1328 Sere-

86 1358 274 1409 nissime7
321 1364 363 1399 et
407 1365 611 1410 quantum
652 1358 724 1398 illa
768 1357 962 1398 utilitatis
996 1358 1132 1409 affert,
1178 1359 1220 1399 in
1254 1358 1346 1399 dies
1379 1358 1572 1412 profecto

88 1429 221 1470 maior
254 1429 454 1477 occurris,
502 1429 745 1482 opinionem
791 1442 972 1482 superas
1012 1436 1053 1470 et
1086 1430 1270 1470 animum
1303 1430 1345 1470 in
1379 1430 1574 1470 altiorem

86 1500 220 1541 trahis
254 1499 592 1541 admirationem.
625 1500 721 1541 Jam
754 1500 859 1541 illud
892 1506 958 1541 sat
993 1500 1259 1554 exploratum
1281 1500 1435 1551 habeo,
1460 1500 1573 1553 quod

87 1584 141 1612 ex
173 1571 410 1625 apostolico
445 1584 515 1611 ore
550 1570 760 1624 prodit-um
796 1578 860 1612 est
888 1584 1056 1612 omnem
1090 1585 1115 1612 a
1137 1572 1231 1613 Deo
1255 1584 1353 1613 esse
1384 1578 1572 1626 potesta-

87 1649 173 1683 tem
199 1675 207 1683 .
230 1675 267 1681 ..
303 1640 490 1691 Quorum
522 1642 651 1695 igitur
683 1642 806 1693 haec,
852 1643 942 1684 Rex
975 1643 1145 1696 inclyte,
1178 1643 1260 1684 nisi
1293 1650 1337 1683 ut
1369 1649 1424 1694 te,
1459 1643 1572 1696 quod

88 1712 276 1766 quotidie
300 1713 423 1763 facis,
445 1726 529 1754 non
552 1719 637 1753 tam
659 1713 945 1755 haereditario
968 1714 1059 1755 iure
1084 1722 1125 1755 et
1148 1714 1336 1755 humana
1358 1714 1572 1768 opinione,

87 1797 215 1836 quam
248 1783 390 1826 divino
422 1784 591 1834 iudicio,
637 1790 697 1825 tot
731 1785 931 1838 gentibus
965 1799 1014 1827 ac
1047 1786 1192 1839 regnis
1224 1785 1442 1838 intelligas
1475 1799 1572 1826 esse

87 1854 385 1909 praefectum?
407 1855 490 1896 Per
512 1869 578 1896 me
597 1855 740 1909 Reges
763 1863 945 1909 regnant
969 1863 1011 1898 et
1033 1857 1258 1910 imperant,
1281 1857 1416 1909 inquit
1439 1857 1570 1898 Deus.

89 1926 343 1979 Quanquam
388 1940 490 1980 prae
538 1927 860 1981 competitorum
905 1927 1064 1968 invidia
1097 1928 1210 1969 bello
1248 1941 1394 1969 carere
1427 1928 1573 1980 nequi-

87 1998 199 2047 visti,
234 2012 260 2038 a
291 2011 398 2051 pace
431 2005 574 2039 tamen
608 2004 650 2039 et
682 1999 857 2052 pietate,
891 1999 991 2039 item
1020 1999 1241 2052 religione,
1276 1999 1503 2041 clementia
1532 2005 1573 2040 et

87 2069 414 2110 mansuetudine
438 2069 783 2110 fluctuantissimi
804 2070 925 2123 regni
948 2069 1298 2122 gubernationem
1325 2070 1573 2124 auspicatus

89 2153 150 2189 es7
184 2146 311 2193 atque
345 2140 431 2181 vita
465 2154 590 2193 quam
624 2140 690 2182 liis
724 2147 889 2181 tuarum
923 2142 1124 2182 virtutum
1153 2141 1392 2188 comitibus,
1427 2154 1572 2182 carere

89 2211 286 2252 maluisti.
322 2211 477 2252 Contra
510 2212 684 2252 nonnuli
715 2225 740 2252 a
762 2211 923 2253 ferocia
958 2218 997 2253 et
1033 2212 1286 2253 erudelitate
1321 2212 1573 2253 sumendum

89 2282 253 2323 initium
286 2295 383 2323 esse
408 2283 632 2334 duxerunt,
667 2281 1056 2335 diutinoquessbello
1087 2283 1393 2337 defatigandos
1427 2290 1468 2325 et
1502 2297 1573 2325 ex-

89 2353 349 2393 hauriendos
367 2354 550 2407 populos
574 2354 768 2395 arbitrati
791 2360 899 2395 sunt.
919 2354 983 2395 Tu
1007 2367 1135 2406 quum
1157 2353 1263 2395 nihil
1284 2367 1393 2408 pace
1417 2354 1573 2396 ducere

93 2423 326 2476 antiquius,
370 2424 586 2465 laboriosa
627 2425 782 2477 quietis
822 2425 1104 2466 fundamenta
1136 2425 1288 2475 iecisti,
1335 2430 1377 2466 et
1409 2425 1575 2466 duobus

91 2495 259 2535 circiter
291 2494 414 2536 annis
460 2495 643 2537 effoetae
687 2496 950 2543 Pannoniae,
987 2495 1100 2548 quod
1139 2495 1325 2537 antehac
1357 2509 1574 2549 nunquam

89 2566 163 2606 illa
195 2572 385 2617 noverat,
433 2567 563 2607 otium
595 2567 815 2621 peperisti.
862 2568 1002 2607 Tanta
1034 2567 1076 2608 in
1110 2579 1258 2609 omnes
1291 2581 1316 2608 a
1348 2567 1574 2609 Maiestate

90 2636 313 2690 integritas
346 2651 440 2678 cum
474 2639 691 2690 aequitate
725 2645 790 2679 est
825 2637 1027 2687 exhibita,
1057 2644 1101 2678 ut
1124 2638 1178 2680 ab
1201 2652 1339 2691 aequo
1358 2652 1573 2691 nunquam

92 2707 287 2748 examine
321 2707 615 2750 declinaveris.
666 2708 858 2751 Obaudis
891 2709 1111 2760 factiosos,
1152 2709 1415 2751 delatoribus
1449 2722 1574 2750 aures

211 2864 221 2884 ¹
248 2865 275 2898 E
303 2865 365 2900 ket
391 2866 511 2901 utolso
540 2865 786 2901 kikezdeshez
819 2866 1118 2911 szeIJegyzetben
1152 2857 1245 2901 Abel
1273 2867 1461 2901 odateszi:
1505 2867 1574 2907 »ΕΖ

92 2933 220 2966 persze
247 2925 349 2959 niues
376 2925 507 2959 benw.
