1955 3278
325 110 393 143 152

321 255 580 304 Demetrius,
627 254 717 295 sive
751 253 977 295 Niceratus
1025 254 1114 295 sive
1148 253 1257 295 alius
1291 253 1502 307 quispiam
1535 251 1677 307 fuerit)
1724 252 1813 294 dis-

323 325 438 366 ticho
473 324 708 366 defendere
743 330 785 366 et
818 324 986 365 salvare
1021 325 1091 377 qui
1124 324 1253 366 dixit:

500 420 622 457 Dulce
654 432 800 457 merum
831 421 950 457 musis
977 431 1123 468 aequus
1154 423 1212 457 est
1240 420 1278 456 in
1307 420 1477 457 carmine
1508 420 1632 464 velox,

562 480 601 517 Si
634 480 720 527 quis
755 491 893 527 aquam
927 482 1039 527 potas
1072 479 1124 516 nil
1157 479 1254 517 bene
1287 479 1494 527 parturies.

442 584 529 626 Sed
563 584 621 625 dii
652 584 766 635 boni,
802 598 927 637 quam
961 585 1070 625 haec
1102 584 1198 638 ipsa
1233 584 1347 626 dicta
1385 585 1620 625 temulenta
1653 584 1736 626 sint
1769 590 1815 625 et

322 656 464 698 vinum
488 655 747 697 redoleant?
783 655 964 705 Quaeris
988 656 1097 696 enim
1123 670 1147 696 a
1169 670 1250 707 me,
1285 665 1421 696 utrum
1447 655 1656 709 quispiam
1682 661 1812 709 poeta

322 734 517 782 repertus
543 727 609 779 sit,
645 727 714 780 qui
736 727 834 769 vino
864 727 1136 776 abstinuerit;
1172 740 1222 768 eo
1246 734 1389 768 tamen
1413 727 1566 777 animo,
1603 733 1646 767 ut
1670 725 1812 780 expri-

322 811 461 840 meres
494 797 621 850 idem,
657 798 770 851 quod
803 798 944 839 nullus
978 797 1115 838 bonus
1148 804 1279 851 poeta
1310 797 1447 851 possit
1475 810 1586 849 esse,
1620 797 1692 849 qui
1714 796 1813 838 vino

322 869 391 910 vel
415 869 635 910 moderate
668 876 811 910 utatur
832 870 901 909 vel
928 869 1097 909 0111111110
1122 876 1279 919 careat,
1314 869 1497 923 optimus
1527 881 1628 910 vero
1650 868 1721 909 ille
1746 868 1811 919 sit,

324 940 394 993 qui
438 940 549 982 bene
594 940 713 982 bibat
746 946 788 981 et
822 953 991 993 semper
1023 940 1266 981 vinolentus
1312 952 1363 980 36
1409 940 1551 981 ebrius
1591 939 1657 990 sit,
1704 939 1813 981 sicut

323 1011 501 1063 Ennius,
536 1011 588 1053 de
624 1025 706 1064 quo
740 1011 919 1053 dicitur:

502 1109 647 1146 Ennius
681 1109 767 1162 ipse
800 1111 910 1155 pater
941 1119 1135 1154 nunquam
1169 1108 1240 1145 nisi
1275 1111 1388 1155 potus
1421 1107 1470 1144 ad
1503 1119 1610 1144 arma

565 1169 735 1205 Venerat
767 1171 839 1204 etc.

444 1262 496 1303 Et
528 1262 621 1316 ipse
648 1262 875 1303 Niceratus
899 1262 1051 1303 etiam:
1087 1263 1251 1314 Aquam
1282 1267 1424 1302 autem
1457 1261 1624 1311 bibens,
1657 1261 1814 1302 bonum

138 1358 201 1396 Qui
230 1358 288 1388 viri
324 1347 409 1374 11011
431 1333 601 1374 faceres
620 1333 807 1374 verbum.
840 1332 964 1382 Quod
988 1346 1069 1387 ego
1093 1333 1263 1374 omnino
1286 1333 1345 1374 ita
1369 1345 1466 1374 esse
1491 1331 1756 1381 crediderim,
1779 1331 1818 1372 si

155 1412 289 1450 insignis
325 1404 464 1445 minus
494 1405 547 1445 sit
580 1417 677 1446 esse
709 1410 992 1458 temperatum
1027 1418 1150 1457 quam
1186 1418 1269 1445 11011
1297 1410 1591 1458 temperatum.
1624 1403 1677 1443 Et
1711 1403 1746 1443 si
1772 1402 1816 1443 in

145 1465 287 1548 ‘sufem-nt
326 1475 475 1517 maiori
497 1475 686 1517 habendi
704 1476 788 1517 sint
810 1476 970 1517 honore
991 1489 1043 1517 ac
1063 1475 1235 1529 praecio
1258 1476 1328 1516 vel
1353 1475 1547 1525 Crassus,
1567 1474 1635 1515 vel
1657 1473 1815 1527 Scylla,

145 1528 176 1548 m
193 1527 300 1601 {Tae
326 1547 395 1589 vel
416 1546 612 1597 Catilina,
636 1547 704 1588 vel
724 1546 1001 1600 Septimilius,
1022 1547 1091 1588 vel
1108 1547 1162 1588 M.
1179 1547 1359 1597 Drusus,
1385 1547 1452 1587 vel
1473 1546 1516 1587 C.
1535 1545 1724 1595 Servius,
1747 1545 1817 1586 vel

141 1624 302 1654 Romanis.
327 1618 371 1659 C.
397 1618 568 1669 Marius,
594 1619 657 1659 sel
691 1618 866 1660 Servius
891 1618 1042 1669 Galba,
1076 1632 1252 1671 quorum
1285 1618 1395 1658 alius
1425 1617 1683 1671 cupiditatis,
1707 1616 1822 1657 alius

326 1688 605 1741 crudelitatis,
624 1689 732 1730 alius
748 1689 968 1743 perfidiae,
988 1690 1096 1730 alius
1111 1689 1317 1739 luxuriae,
1337 1689 1444 1729 alius
1462 1688 1689 1739 avariciae,
1709 1687 1822 1729 alius

327 1760 568 1814 superbiae,
585 1760 693 1801 alius
708 1760 970 1805 voracitatis,
988 1761 1095 1801 alius
1110 1760 1210 1801 item
1227 1760 1440 1801 saeviciae
1456 1759 1628 1801 crimine
1643 1759 1817 1800 infamis

329 1838 432 1883 erat,
466 1832 616 1873 minori
644 1846 745 1873 vero
775 1832 1052 1873 aestimentur
1084 1831 1257 1885 praecio
1290 1831 1359 1872 vel
1393 1830 1499 1872 Cato
1533 1830 1752 1884 exemplar
1775 1836 1818 1871 et

327 1916 475 1943 norma
510 1903 695 1943 omnium
731 1903 930 1945 virtutum
973 1916 1025 1944 ex
1061 1903 1302 1953 sanctitate,
1339 1902 1565 1955 gravitate,
1609 1901 1821 1953 doctrina,

327 1974 586 2027 integritate,
632 1974 881 2028 frugalitate
927 1981 969 2015 et
1002 1974 1185 2015 caeteris
1226 1973 1427 2023 moribus,
1473 1972 1541 2014 vel
1575 1972 1725 2014 Scauri
1766 1985 1818 2013 ex

328 2045 540 2097 gravitate
566 2051 607 2086 et
630 2045 859 2087 severitate
884 2046 952 2086 vel
977 2045 1126 2086 Curius
1146 2059 1198 2086 ex
1221 2044 1505 2098 temperantia
1528 2050 1569 2085 et
1590 2044 1820 2097 probitate,

328 2115 488 2156 Fabius
521 2116 730 2157 Maximus
764 2130 815 2157 ex
850 2116 1129 2167 moderantia,
1160 2115 1382 2171 Fabricius
1416 2129 1468 2156 ex
1500 2115 1675 2166 iustitia,
1707 2115 1819 2156 Mar-

329 2187 462 2228 cellus
508 2200 561 2228 ex
593 2188 768 2241 pietate,
816 2188 892 2237 Qu.
927 2195 968 2228 et
1001 2187 1156 2228 Mutius
1191 2186 1427 2228 Scaevolae
1472 2200 1524 2227 ex
1562 2186 1821 2237 constantia,

328 2258 375 2299 L.
409 2258 570 2300 Paulus
604 2272 656 2300 ex
690 2259 965 2309 abstinentia,
1014 2259 1092 2308 Qu.
1128 2258 1348 2312 Crispinus
1389 2272 1441 2299 ex
1473 2257 1818 2307 mansuetudine,

329 2329 519 2383 Regulus
552 2330 723 2371 Attilius
757 2344 810 2371 ex
843 2330 1064 2381 fidelitate,
1109 2330 1184 2379 Qu.
1218 2329 1417 2370 Metellus
1452 2343 1505 2370 ex
1537 2328 1817 2380 humanitate,

329 2400 462 2441 Varro
497 2415 549 2442 ex
581 2401 856 2452 verecundia,
903 2401 1135 2455 Pompeius
1181 2414 1233 2441 ex
1266 2401 1489 2454 patientia,
1524 2400 1725 2441 Horatius
1765 2413 1820 2441 ex

328 2470 591 2523 fortitudine,
638 2472 805 2513 Curtius
852 2485 904 2513 ex
936 2472 1131 2522 audacia,
1179 2478 1220 2513 et
1254 2471 1423 2512 demum
1469 2471 1547 2520 Qu.
1590 2469 1819 2512 Considius

165 2548 274 2580 Julius
330 2555 383 2583 ex
415 2542 684 2584 liberalitate.
718 2543 797 2584 Vel
831 2544 866 2584 31
894 2543 1031 2596 magis
1070 2542 1313 2584 laudandus
1340 2542 1536 2583 Bonosus
1564 2542 1635 2582 ille
1664 2542 1817 2582 Roma-

157 2601 279 2684 ἰῖἳὶῗ
330 2626 477 2654 110111111
521 2613 758 2668 Imperator
802 2628 928 2667 quam
977 2615 1115 2656 Julius
1150 2614 1323 2664 Caesar,
1371 2627 1546 2666 quorum
1585 2613 1667 2654 iste
1702 2612 1821 2653 solus

135 2690 313 2736 ⁵0eran
331 2684 458 2725 etiam
494 2685 666 2726 Catonis
700 2685 936 2727 adversarii
972 2685 1037 2726 sui
1071 2692 1113 2726 et
1143 2685 1302 2726 inimici
1336 2684 1550 2726 sententia
1582 2697 1632 2725 ac
1660 2683 1819 2724 iudicio

182 2766 263 2815 resm-
331 2768 383 2795 ex
418 2755 676 2797 Caesaribus
698 2763 873 2810 propter
894 2756 1169 2797 sobrietatem
1193 2755 1248 2796 ad
1274 2755 1561 2796 roborandam
1589 2754 1819 2808 rempubli-

138 2808 300 2846 p¹¹b¹¹⁶³⁰¹
333 2839 426 2866 cam
460 2833 650 2877 venerat,
683 2828 754 2867 ille
788 2840 888 2868 vero
923 2827 977 2867 ad
1012 2826 1287 2867 evertendam
1316 2832 1488 2880 propter
1510 2825 1816 2876 temulentiam,

132 2860 314 2890 Romanum

132 2912 304 2942 roboravit.
332 2904 376 2936 ut
410 2897 462 2937 de
497 2911 579 2949 quo
626 2898 883 2938 Aurelianus
929 2897 1071 2938 dicere
1106 2898 1256 2938 solitus
1291 2897 1357 2944 sit,
1402 2896 1513 2949 quod
1546 2897 1617 2937 ille
1657 2910 1740 2937 non
1773 2902 1819 2936 ut
