1919 3273
296 138 366 172 430

300 281 413 335 quod
443 280 630 322 inscribo
664 279 850 320 omnium
878 285 1114 333 temporum
1138 279 1342 320 Annales.
1374 279 1478 321 Eius
1502 280 1646 334 operis
1667 292 1791 321 sexa-

299 354 418 406 ginta
440 352 524 393 iam
547 351 763 393 volumina
785 350 986 391 absoluta
1006 350 1108 391 mihi
1132 355 1241 391 sunt.
1268 349 1361 400 Quo
1386 350 1500 392 circa
1519 349 1579 401 fit,
1603 357 1648 392 ut
1671 348 1792 404 eis(!)

299 424 370 477 qui
403 430 469 465 est
517 423 569 464 de
601 422 731 463 rebus
776 422 1047 475 Hungaricis,
1094 421 1148 462 sit
1191 422 1380 475 ipsorum
1424 421 1652 462 Annalium
1683 421 1793 462 liber

299 495 459 549 primus
494 500 536 535 et
569 493 882 545 sexagesimus.
934 491 1188 545 Quanquam
1222 499 1264 533 et
1297 492 1382 533 alia
1426 492 1607 534 occurrit
1645 505 1792 545 causa⁷

299 566 456 620 quain
490 565 714 607 condendo
758 564 915 606 Rerum
960 564 1260 616 Hungararum
1308 563 1586 618 epithomate‚
1627 563 1791 605 versari

299 637 576 679 decreverim.
625 636 766 690 Opere
810 648 984 688 nanque
1028 634 1100 675 illo
1134 648 1229 676 meo
1274 635 1394 676 cuius
1426 634 1598 676 memini
1631 641 1674 676 et
1704 648 1792 676 me-

300 709 473 758 moravi,
509 721 618 761 quae
652 707 868 762 pertinere
891 712 988 747 sunt
1015 706 1107 748 visa
1130 706 1185 747 ad
1208 719 1344 759 regna
1366 719 1478 760 pene
1500 706 1655 757 omnia,
1680 719 1791 759 quae

299 795 323 822 a
346 779 699 833 multiplicatione
736 778 906 831 ‘generis
930 777 1105 818 humani
1126 783 1224 830 post
1247 776 1451 818 diluvium
1475 776 1531 817 ad
1551 776 1633 818 hoc
1653 789 1791 830 usque

299 852 520 894 saeculum
564 851 702 904 magis
734 850 777 890 in
811 848 913 890 orbe
959 849 1076 889 clara
1119 848 1344 901 magisque
1391 848 1610 889 celebrata
1653 847 1790 900 fuere,

299 924 435 965 solum
468 922 843 977 praetermiseram
886 933 1065 973 regnum
1111 919 1192 960 hoc
1224 924 1356 969 tuum,
1397 932 1482 960 non
1514 919 1642 973 plane
1677 919 1791 973 quod

297 995 400 1036 illud
434 993 679 1035 describere
713 1005 779 1033 me
812 990 1011 1045 piguerit,
1056 989 1136 1031 fuit
1169 996 1312 1031 autem
1344 989 1448 1030 mihi
1484 990 1792 1044 impedimento

299 1066 413 1120 quod
445 1078 662 1118 nunquam
696 1063 757 1104 fui
788 1063 832 1104 in
865 1062 990 1104 Italia
1028 1068 1180 1103 nactus
1213 1061 1443 1113 hominem,
1491 1074 1573 1115 quo
1607 1062 1791 1104 docente

297 1152 439 1179 rerum
484 1137 538 1178 de
584 1136 738 1189 quibus
782 1135 934 1188 loquor
976 1143 1122 1175 veram
1156 1140 1284 1186 atque
1319 1139 1515 1175 exactam
1554 1133 1792 1188 potuissem

298 1210 459 1251 habere
486 1206 717 1249 notitiam.l
751 1207 817 1247 Me
840 1206 986 1258 itaque
1011 1205 1054 1245 in
1076 1205 1299 1258 Hungaria
1321 1210 1491 1258 agente,
1517 1218 1568 1246 ac
1590 1205 1791 1246 veniente

298 1283 340 1322 in
373 1293 526 1322 manus
558 1292 679 1320 meas
713 1277 919 1332 opusculo
967 1276 1080 1329 quod
1113 1275 1211 1325 dixi,
1257 1276 1532 1317 narrantibus
1565 1283 1794 1330 praeterea

299 1351 589 1406 compluribus
623 1345 881 1391 autoritate'3
921 1347 1244 1401 praestantibus
1276 1347 1378 1388 viris
1415 1353 1497 1387 tum
1531 1360 1670 1388 rerum
1705 1354 1792 1387 tum

298 1425 488 1465 locorum
508 1421 701 1463 eiusdem
721 1420 781 1461 tui
799 1418 1051 1473 amplissimi
1069 1418 1443 1471 florentissimique
1462 1417 1611 1469 regni³
1628 1417 1792 1472 peritis,

301 1494 516 1537 scribendi
550 1507 601 1534 ea
632 1493 826 1533 laborem
859 1489 1062 1544 suscepi4
1098 1503 1222 1542 quem
1256 1487 1333 1543 (uti
1366 1503 1443 1544 par
1466 1487 1548 1543 est)
1581 1496 1680 1530 tuae
1703 1489 1791 1530 Ma-

298 1567 440 1608 iestati
477 1572 518 1606 et
552 1563 723 1618 quidem
756 1576 841 1603 non
872 1561 1031 1603 invitus
1065 1561 1275 1602 dedicavi.
1311 1560 1431 1610 Quae
1464 1574 1566 1602 vero
1600 1574 1712 1602 ame
1740 1573 1791 1601 eo

298 1639 405 1680 libro
439 1642 823 1679 commemorantur
856 1647 908 1674 ea
939 1638 984 1673 tu
1017 1646 1223 1686 perquam
1266 1632 1449 1673 maxime
1488 1632 1706 1686 intelliges
1740 1646 1794 1673 ex

298 1709 511 1751 indicibus
546 1708 612 1760 qui
650 1712 749 1747 ante
778 1704 913 1759 ipsius
946 1704 1042 1744 libri
1074 1704 1238 1744 initium
1258 1701 1272 1724 ⁵
1306 1703 1501 1745 adnotati
1527 1711 1638 1745 sunt.
1672 1703 1791 1744 Bene

301 1782 395 1823 vale
428 1794 502 1821 rex
536 1778 708 1832 optime.

421 1852 541 1901 Quae
574 1863 676 1892 vero
701 1862 750 1889 eo
774 1848 881 1889 libro
915 1847 1140 1888 traduntur
1161 1860 1213 1887 ex
1236 1847 1304 1887 his
1328 1846 1498 1887 delecta
1526 1852 1624 1887 sunt
1647 1853 1792 1888 aucto-

300 1925 429 1965 ribus.
443 1924 458 1945 11
490 1923 626 1963 Beato
650 1920 822 1962 Matheo
843 1918 854 1941 ἶ
876 1918 1172 1972 Evangelista7
1197 1918 1333 1958 Beato
1351 1915 1634 1969 Hieronimo,8
1655 1918 1792 1959 Beato

301 1995 551 2049 Augustino.
586 1991 859 2034 Caesariensi
886 1989 1090 2040 Eusebio,
1115 1989 1347 2039 Herodoto,
1380 1987 1648 2040 Aristotele,9
1676 1988 1792 2030 Stra-

300 2067 425 2117 bone,
459 2065 610 2115 Plinio,
647 2063 805 2107 Solino,
836 2061 1072 2115 Pomponio
1094 2060 1231 2100 Mella.
1265 2060 1330 2100 Ex
1352 2059 1439 2101 vita
1462 2060 1588 2100 Beati
1608 2060 1791 2101 Martini.

300 2139 364 2178 Ex
409 2138 495 2178 vita
530 2136 654 2177 Beati
698 2134 857 2175 Leonis
890 2145 1044 2186 papae.
1090 2131 1155 2171 Ex
1187 2131 1323 2184 gestis
1361 2131 1646 2172 Romanorum
1680 2132 1792 2185 prin-

302 2211 455 2263 cipum.
504 2209 569 2248 Ex
600 2207 688 2248 vita
732 2210 975 2246 sanctarum
1021 2202 1221 2243 undecim
1258 2202 1418 2242 milium
1455 2202 1679 2255 virginum.
1727 2202 1793 2243 Ex

300 2282 389 2322 vita
432 2280 557 2321 Beati
603 2276 810 2332 Stephani
857 2276 1155 2328 Hungarorum
1199 2274 1343 2326 Regis.
1394 2274 1459 2314 Ex
1496 2274 1585 2315 vita
1628 2274 1791 2314 Beatae

301 2352 559 2405 Margaritae
592 2350 706 2391 filiae
747 2345 893 2388 Beli10
935 2345 991 2386 IV
1029 2345 1145 2397 regis
1190 2345 1450 2397 Hungariae.
1505 2345 1570 2385 Ex
1613 2345 1794 2386 historia

301 2423 429 2465 Elinii
462 2422 515 2463 de
550 2421 712 2473 origine
756 2418 1036 2460 barbararum
1068 2416 1289 2456 nationum
1321 2423 1420 2469 post
1451 2416 1791 2457 Constantinum.

302 2496 366 2536 Ex
398 2495 485 2536 vita
519 2492 661 2534 Caroli
693 2489 838 2543 Magni
861 2488 1021 2541 scripta
1044 2487 1097 2528 ab
1121 2486 1288 2539 Angelo
1305 2486 1339 2508 11
1373 2487 1592 2528 Acciaiolo
1618 2487 1791 2528 Floren-

302 2567 403 2608 tino.
450 2565 514 2605 Ex
547 2562 729 2616 quadam
765 2561 912 2613 Papae
946 2558 1011 2599 Pii
1043 2557 1251 2611 Epistola,
1287 2570 1371 2609 qua
1403 2557 1613 2598 Viennam
1645 2557 1793 2599 urbem

304 2636 544 2690 descripsit.
578 2634 643 2674 Ex
676 2632 882 2686 scriptore
916 2628 1162 2682 Hungariae
1196 2628 1415 2670 historiae.

423 2798 432 2817 1
462 2797 635 2831 noticiam
676 2795 713 2829 C.
764 2794 776 2812 '³
804 2793 932 2827 author
959 2792 1006 2825 K.
1059 2791 1071 2810 3
1096 2791 1174 2835 regi
1202 2791 1248 2825 K.
1269 2792 1303 2830 (ἔ)
1355 2793 1367 2811 4
1395 2791 1543 2835 suscepi
1573 2792 1609 2826 Ο.
1662 2793 1674 2811 ⁵
1698 2791 1794 2825 initi-

305 2863 399 2896 cium
429 2859 465 2893 C.
518 2856 531 2875 ⁶
558 2855 770 2890 authoribus
803 2853 849 2886 K.
902 2851 913 2872 ⁷
940 2850 1100 2884 Mattheo
1138 2850 1185 2883 K.
1238 2850 1250 2868 ὃ
1277 2850 1486 2885 Hieronimo
1511 2852 1559 2886 K.
1612 2852 1624 2871 ⁹
1649 2852 1791 2887 Asisto-

303 2921 390 2955 telle
421 2918 454 2952 C.
507 2917 534 2936 1⁰
560 2916 651 2950 Belii
683 2915 729 2948 K.
782 2912 807 2932 11
836 2909 994 2955 Angelio
1021 2909 1068 2942 K.
