1955 3278
1513 115 1580 148 199

94 256 367 311 profligavit:
412 269 536 298 nemo
570 256 682 298 hanc
729 256 809 298 vim
842 255 1046 309 frigorum
1084 256 1365 310 hyememque
1399 257 1578 312 excepit.

95 327 210 377 Quid
241 327 392 380 loquar
423 327 476 369 de
510 327 670 369 sanctis
701 327 877 368 litteris:
913 340 1090 380 quarum
1121 327 1238 369 illum
1265 328 1579 382 perstudiosum

96 398 231 440 fuisse
265 397 470 440 constat?
503 398 624 448 Quae
656 398 699 439 in
722 398 788 439 his
811 397 1083 439 continentur
1105 398 1215 441 adeo
1240 399 1442 441 memoria
1463 406 1580 442 tene-

97 469 172 511 bat
215 476 259 510 ut
304 483 399 511 eum
444 470 586 511 cuncti
631 482 793 511 summo
839 482 970 523 opere
1010 469 1332 511 admirarentur.
1380 471 1457 512 His
1495 476 1579 513 tam

98 546 262 594 partem
304 540 603 594 philosophiae
649 553 775 593 quam
821 539 1026 581 moralem
1070 545 1226 582 vocant
1270 541 1427 583 adiecit
1468 542 1581 596 quod

97 624 192 652 eam
225 611 280 652 ad
311 610 618 665 rempublicam
650 610 1001 664 benegerendam
1034 612 1248 664 pertinere
1281 612 1579 654 arbitrabatur.

96 680 262 731 Quibus
295 681 487 736 profecto
520 683 639 723 nulla
672 689 763 723 erat
794 682 1032 723 litterarum
1066 682 1253 735 cognitio
1277 683 1390 736 quod
1412 685 1580 738 plerun—

96 765 179 805 que
224 753 417 794 maximis
463 753 675 795 erroribus
720 753 1040 807 implicarentur
1084 766 1354 806 nequaquam
1389 754 1506 808 ipsos
1538 755 1581 796 in

97 836 272 864 numero
305 837 453 877 regum
485 824 710 866 habendos
745 824 963 866 censebat.
997 824 1074 866 His
1106 824 1343 866 rationibus
1374 825 1581 879 impulsus

98 894 406 936 nobilissimum
438 894 480 935 in
513 908 646 948 regno
681 909 757 936 suo
781 895 1052 949 gymnasium
1075 895 1294 937 constituit
1314 909 1450 949 eoque
1473 897 1581 951 peri-

96 966 284 1007 tissimos
317 978 367 1006 ac
401 966 694 1008 sanctissimos
727 967 840 1009 viros
873 966 1060 1019 undique
1094 966 1380 1008 accersendos
1404 971 1579 1022 putavit.

96 1036 161 1077 Ex
205 1050 258 1078 ea
301 1050 345 1077 re
389 1036 433 1078 id
477 1037 671 1079 utilitatis
718 1043 977 1079 consecutus
1023 1043 1088 1079 est
1120 1044 1165 1078 ut
1200 1051 1363 1079 summa
1402 1039 1582 1093 polleret

99 1107 335 1161 prudentia.
383 1108 492 1149 Nam
526 1115 567 1149 et
605 1109 933 1163 praeteritorum
966 1109 1125 1149 nullam
1165 1109 1393 1160 abyciebat
1423 1123 1581 1150 memo—

96 1179 220 1229 riam;
250 1192 360 1231 quae
383 1179 497 1220 bona
513 1179 657 1221 futura
678 1179 953 1221 videbantur:
982 1192 1034 1220 ea
1057 1185 1199 1220 mente
1221 1179 1427 1233 agitabat.
1461 1180 1581 1230 Quae

97 1249 154 1291 ad
177 1263 316 1291 mores
349 1250 627 1303 institutaque
660 1250 957 1303 pertinebant:
993 1263 1137 1291 eorum
1160 1264 1245 1292 non
1272 1251 1445 1293 nescius
1479 1258 1581 1293 erat.

215 1321 311 1362 Non
362 1321 578 1362 solertiam
631 1334 716 1362 non
775 1320 1039 1363 docilitatem
1093 1322 1410 1365 contemnebat.
1473 1323 1580 1364 Nam

98 1404 209 1445 quae
259 1404 392 1445 regno
446 1405 522 1433 suo
577 1392 749 1433 utilitati
795 1392 938 1433 futura
990 1398 1124 1443 erant,
1177 1392 1220 1433 id
1272 1392 1385 1445 quod
1439 1407 1582 1435 eorum

98 1468 187 1504 est:
235 1463 305 1515 qui
338 1463 554 1504 civitatum
589 1477 809 1515 summum,
844 1469 971 1516 atque
1004 1463 1256 1504 altissimum
1289 1463 1467 1517 gradum
1510 1465 1582 1507 ob-

98 1534 246 1585 tinent,
292 1547 387 1575 cum
420 1534 560 1575 auimo
595 1548 671 1575 suo
706 1534 1022 1576 considerabat.
1071 1534 1348 1589 Experientia
1381 1542 1582 1588 quantum

99 1605 317 1646 civitatum
350 1606 709 1659 gubernatoribus
743 1606 797 1647 sit
818 1606 914 1646 usui
947 1606 1040 1658 quis
1063 1605 1271 1659 ignorat?
1306 1606 1409 1647 Cum
1439 1607 1582 1661 plures

99 1688 226 1729 reges
271 1676 405 1717 fuisse
450 1676 698 1718 videamus:
745 1677 815 1729 qui
849 1676 1311 1731 experientissimorum
1358 1678 1585 1731 sententijs

99 1746 376 1801 consiliisque
410 1754 668 1801 paruerunt:
704 1747 817 1801 quod
851 1761 951 1789 eos:
987 1761 1095 1800 quae
1118 1747 1232 1802 apud
1259 1754 1431 1789 exteras
1452 1749 1585 1789 natio-

100 1831 177 1859 nes
210 1824 485 1871 gererentur:
520 1832 793 1872 nequaquam
816 1819 990 1860 latebat.
1026 1818 1218 1860 Iustitiae
1243 1825 1447 1872 quantum
1468 1833 1514 1861 se
1539 1833 1584 1862 se

100 1888 311 1930 dediderit
354 1889 586 1930 ostendunt
629 1889 811 1943 improbi
856 1903 906 1930 ac
952 1889 1108 1943 perditi
1139 1889 1362 1931 homines:
1409 1904 1584 1943 quorum

99 1960 315 2014 praemia:
347 1960 499 2013 quibus
522 1959 743 2002 fortissimi
764 1960 842 2002 viri
862 1973 1166 2012 nonnunquam
1189 1967 1436 2002 monentur:
1470 1961 1585 2015 apud

99 2031 239 2085 ipsum
272 2031 442 2073 minime
466 2033 701 2074 valuerunt.
737 2031 818 2081 Qui
842 2033 954 2073 enim
988 2045 1011 2072 e
1034 2037 1152 2072 recta
1172 2031 1241 2073 via
1268 2031 1584 2074 declinassent:

100 2102 167 2143 his
201 2108 323 2144 erant
355 2103 580 2144 subeunda
614 2102 838 2157 supplicia.
873 2102 955 2152 Qui
988 2108 1130 2144 autem
1162 2102 1205 2143 in
1238 2102 1394 2144 bonam
1419 2103 1585 2157 frugem

100 2173 369 2214 avassisent:
403 2172 523 2225 (sies)
556 2174 635 2215 hos
670 2181 711 2215 et
744 2173 971 2227 beneficijs
1006 2179 1048 2214 et
1079 2173 1312 2215 honoribus
1356 2174 1585 2228 amplecte-

101 2243 236 2285 batur.
282 2244 511 2286 Enimvero
557 2246 593 2287 si
624 2244 685 2286 illi
716 2245 796 2299 ipsi
831 2244 1150 2297 Theologorum
1196 2244 1377 2299 principi
1414 2246 1586 2287 Aurelio

100 2316 338 2368 Augustino
374 2315 480 2358 fides
513 2316 716 2358 habenda
749 2322 839 2357 est:
876 2315 983 2357 Sunt
1018 2329 1070 2356 ea
1092 2328 1252 2368 regna:
1288 2328 1397 2368 quae
1419 2316 1587 2357 Iustitia

103 2393 283 2428 vacant:
319 2387 604 2429 existimanda
635 2387 872 2429 latrocinia.
907 2386 1014 2427 Nam
1049 2386 1119 2439 qui
1150 2386 1325 2428 urbibus
1357 2394 1587 2441 praesunt:

102 2457 139 2498 si
159 2457 369 2499 Iustitiam
404 2459 734 2513 proscripserint
766 2457 952 2499 diuturni
986 2470 1083 2499 esse
1117 2470 1202 2499 non
1234 2464 1427 2512 possunt.
1460 2458 1588 2499 Nulla

101 2528 186 2569 alia
217 2542 262 2570 re
308 2530 446 2583 magis
493 2530 547 2571 ad
582 2530 701 2581 deos,
749 2543 875 2583 quam
918 2528 1086 2569 Iustitia
1119 2528 1327 2570 accedere
1360 2542 1587 2583 possumus

102 2599 271 2652 quando
305 2601 490 2642 omnium
523 2607 568 2642 ut
599 2601 735 2654 inquit
766 2601 864 2642 ille:
899 2614 924 2641 a
948 2613 1029 2652 quo
1054 2599 1189 2641 omnis
1212 2600 1587 2654 peripateticorum

99 2669 262 2711 familia
295 2673 534 2714 emanavit:
579 2672 856 2713 Aristoteles:
892 2672 944 2712 sit
980 2671 1342 2712 excellentissima
1373 2670 1585 2713 virtutum.

101 2741 220 2783 Haec
252 2742 394 2783 effecit
427 2750 471 2784 ut
504 2743 706 2784 Matthias
753 2749 952 2796 quattuor
985 2748 1026 2783 et
1059 2741 1208 2795 viginti
1246 2747 1288 2783 et
1321 2755 1371 2783 eo
1406 2742 1588 2796 amplius

101 2825 236 2855 annos
269 2827 403 2867 regno
436 2815 654 2869 potiretur.
701 2815 829 2856 Tanti
861 2814 994 2867 Regis
1027 2813 1321 2854 fortitudinem
1355 2813 1448 2865 quis
1482 2814 1588 2855 satis

102 2883 278 2925 laudare
312 2884 505 2938 poterit?
539 2886 608 2938 qui
632 2892 674 2928 et
697 2885 888 2927 timenda
910 2885 1096 2925 timeret:
1132 2890 1174 2925 et
1196 2897 1305 2936 quae
1329 2884 1443 2925 nullo
1468 2889 1588 2925 erant
