1955 3278
325 125 392 158 126

442 270 771 322 Propempticon
819 269 1011 322 Magistri
1056 270 1178 311 Pauli
1225 269 1480 311 ‹5r0ffi1ensis
1524 269 1711 311 Rutheni
1755 269 1811 312 ad

324 342 554 394 ingenuum
602 340 924 381 adulescentem
972 340 1185 381 dominum
1234 340 1535 382 sebastianum
1581 340 1812 395 Maghyum

327 411 589 453 Pannonium
622 412 664 451 in
689 411 903 464 genitales
926 417 1062 452 terras
1086 411 1441 465 proficiscentem.
1474 411 1634 452 Lusum
1659 411 1811 453 Craco-

325 483 415 524 riae
449 496 561 523 auno
595 496 620 523 a
653 483 785 523 natali
819 482 1074 532 Christiano,
1113 482 1236 534 1508,
1272 483 1339 524 die
1373 483 1450 523 XV
1484 482 1717 524 Februarii.

472 625 564 674 Quo
588 638 795 679 properas
821 638 993 677 quaeso,
1020 638 1226 678 properas
1251 638 1332 677 quo
1353 637 1523 678 semper
1546 624 1730 666 amande

529 695 764 749 Discipule‚
800 702 841 735 et
874 695 1001 736 celeri
1036 708 1117 747 quo
1152 695 1278 747 fugis,
1314 708 1399 745 or0‚
1434 695 1608 748 gradu?

469 767 562 816 Quo
584 766 714 819 fugis,
738 779 825 817 oro,
849 765 985 818 gradu
996 766 1017 804 ἱ)
1042 765 1255 806 celebrem
1280 779 1353 807 cur
1370 766 1563 818 linquere
1587 765 1766 808 Crocam

526 838 698 887 Niteris,
734 843 776 877 et
809 836 989 890 sophiae
1024 837 1209 877 culmina
1243 837 1370 878 docta
1403 836 1550 878 deae?

469 910 564 950 Nun
589 907 631 963 (1)
655 917 695 950 te
728 908 815 950 fida
847 908 976 948 trahit
1010 921 1202 948 carorum
1237 922 1337 949 cura
1371 907 1633 962 parentum‘.>

528 982 623 1022 Nun
656 980 878 1022 retrahunt
911 980 1076 1033 patriae
1109 993 1207 1019 rura
1240 980 1369 1020 beata
1403 979 1538 1021 tuae?

470 1054 563 1094 Nun
599 1059 639 1093 te
674 1052 789 1105 cogit
822 1064 939 1091 amor
972 1051 1143 1104 pulcros
1177 1051 1362 1092 invisere
1395 1050 1588 1092 fratres‘?

527 1125 580 1165 Et
613 1123 715 1164 dare
748 1122 940 1175 virgineo
973 1121 1096 1162 basia
1131 1128 1252 1162 casta
1286 1121 1452 1162 choro?

468 1196 585 1237 Iusta
617 1195 678 1235 tui
711 1199 825 1235 certe
860 1200 925 1233 est
960 1193 1019 1239 (ni
1052 1191 1195 1245 fallor)
1231 1206 1363 1234 causa
1395 1206 1609 1244 recessus,

527 1268 664 1319 Atque
699 1265 753 1306 ad
785 1265 1033 1305 Pannonios
1065 1265 1150 1305 iam
1182 1264 1391 1318 repedare
1424 1265 1551 1306 lares.

470 1339 556 1380 Sed
591 1352 663 1379 cur
695 1351 762 1378 me
798 1337 995 1378 comitem
1028 1334 1229 1389 refugis?
1263 1350 1336 1377 cur
1360 1336 1538 1387 deseris,
1573 1349 1660 1387 Oro⁷

526 1411 579 1451 Et
611 1415 937 1463 praeceptorem
972 1407 1181 1461 discipule
1216 1408 1326 1448 alme
1359 1414 1475 1448 tuum
1491 1406 1513 1447 ἰ)

468 1483 601 1534 Inquo
634 1494 734 1534 pars
768 1480 881 1521 vitae
916 1478 1201 1532 (mihicrede)
1235 1486 1275 1520 et
1309 1480 1446 1520 altera
1478 1485 1665 1530 nostrae⁷

528 1554 604 1594 Est
636 1553 677 1593 in
712 1565 794 1604 quo
829 1551 984 1592 mentis
1018 1550 1324 1603 dimidiumque
1358 1563 1492 1591 meae.

467 1625 512 1665 In
547 1634 589 1665 te
623 1636 724 1677 spes
758 1629 904 1663 nostra
937 1629 1016 1673 est7
1050 1622 1091 1661 in
1126 1628 1166 1662 te
1199 1628 1428 1674 votumque
1463 1622 1666 1674 salusque

527 1696 574 1737 In
607 1701 648 1736 te
684 1702 780 1735 sunt
814 1693 943 1734 animi
977 1693 1136 1746 gaudia
1170 1699 1324 1734 cuncta
1358 1693 1451 1734 mei.

469 1768 582 1821 Ergo
617 1780 698 1820 ego
731 1766 815 1806 iam
848 1765 976 1806 vitam
1010 1764 1232 1805 traducam
1267 1765 1383 1805 solus
1417 1762 1656 1805 acerbam?

526 1839 580 1879 Et
613 1837 767 1878 ducam
800 1844 988 1877 moestos
1023 1836 1138 1876 solus
1171 1835 1364 1888 adusque
1399 1835 1491 1877 dies
1507 1834 1528 1875 ἱ)

469 1910 548 1951 Vix
580 1909 762 1959 faciam3
798 1913 970 1948 nostrae
1004 1920 1103 1947 nam
1136 1906 1273 1961 portio
1307 1920 1465 1960 magna
1499 1905 1650 1947 salutis

526 1981 675 2021 Interit
709 1988 750 2021 et
782 1980 895 2021 vitae
930 1987 1123 2032 tempora
1155 1979 1271 2018 laeta
1304 1991 1440 2019 meae.

470 2052 624 2094 Omnia
656 2058 700 2092 tu
734 2058 875 2092 tecum
908 2050 1070 2104 patrias
1105 2049 1318 2090 convertis
1353 2048 1405 2090 ad
1443 2061 1553 2099 oras³

529 2124 685 2164 Aufers
718 2122 915 2164 discessu
948 2134 1157 2175 prospera
1190 2134 1386 2173 quaeque
1419 2127 1505 2161 tuo.

469 2195 574 2245 Quis
597 2208 663 2235 me
687 2194 815 2247 igitur
847 2200 965 2233 tanto
999 2193 1182 2246 posthac
1215 2191 1446 2232 cumulabit
1470 2188 1669 2232 honore‘?

531 2266 785 2319 Scriptaque
820 2264 914 2316 quis
947 2264 1069 2304 tollet
1103 2263 1416 2316 qualiacunque
1450 2260 1580 2303 mea‘?

471 2338 699 2379 Anxiferas
732 2336 852 2377 tollet
885 2334 1044 2376 blando
1080 2335 1173 2387 quis
1206 2334 1365 2375 famine
1402 2331 1563 2374 curas‘?

527 2409 631 2458 Quis
665 2408 784 2449 dabit
817 2407 1017 2447 auriculis
1051 2406 1189 2447 comia
1220 2405 1354 2446 verba
1388 2404 1529 2446 meis?

471 2481 576 2530 Quis
609 2492 775 2520 mecum
808 2478 945 2519 roseis
979 2477 1226 2518 dulcissima
1258 2476 1391 2517 verba
1423 2476 1593 2517 labellis

531 2551 731 2592 Conferet
766 2556 806 2590 et
841 2548 1043 2601 gravibus
1078 2555 1289 2588 commata
1321 2553 1444 2601 grata
1477 2545 1625 2587 tonis?

471 2623 575 2672 Quis
610 2634 775 2663 mecum
809 2621 934 2661 rutilo
967 2626 1119 2673 perget
1153 2626 1316 2660 certare
1350 2616 1561 2659 metallo‘.>

530 2694 701 2747 Oraque
735 2691 958 2733 Pannonio
993 2691 1108 2732 sicca
1140 2690 1280 2742 rigare
1315 2687 1467 2730 mero‘?

470 2766 619 2815 Nemo,
641 2766 827 2817 inquam7
852 2776 990 2813 nemo,
1016 2761 1106 2803 sine
1130 2768 1169 2801 te
1195 2761 1391 2813 quoniam
1417 2760 1557 2801 omnia
1579 2759 1767 2809 sordent,

532 2835 685 2877 Omnia
718 2842 816 2876 sunt
849 2833 1069 2875 stomacho
1103 2832 1370 2886 disciplitura
1404 2831 1447 2881 (l)
1481 2843 1586 2871 meo.
