<?xml version="1.0" encoding="UTF-8"?>
<!DOCTYPE html PUBLIC "-//W3C//DTD XHTML 1.0 Transitional//EN"
    "http://www.w3.org/TR/xhtml1/DTD/xhtml1-transitional.dtd">
<html xmlns="http://www.w3.org/1999/xhtml" xml:lang="en" lang="en">
 <head>
  <title>
</title>
<meta http-equiv="Content-Type" content="text/html;charset=utf-8" />
  <meta name='ocr-system' content='tesseract 3.04.00' />
  <meta name='ocr-capabilities' content='ocr_page ocr_carea ocr_par ocr_line ocrx_word'/>
</head>
<body>
  <div class='ocr_page' id='page_1' title='image "analectanovaadhi00beuoft_0513.png"; bbox 0 0 1919 3273; ppageno 0'>
   <div class='ocr_carea' id='block_1_1' title="bbox 1533 107 1604 140">
    <p class='ocr_par' dir='ltr' id='par_1_1' title="bbox 1533 107 1604 140">
     <span class='ocr_line' id='line_1_1' title="bbox 1533 107 1604 140; baseline 0.014 -1"><span class='ocrx_word' id='word_1_1' title='bbox 1533 107 1604 140; x_wconf 73' lang='lat'>461</span> 
     </span>
    </p>
   </div>
   <div class='ocr_carea' id='block_1_2' title="bbox 123 279 1609 391">
    <p class='ocr_par' dir='ltr' id='par_1_2' title="bbox 123 279 1609 391">
     <span class='ocr_line' id='line_1_2' title="bbox 125 279 1606 328; baseline 0.002 -13"><span class='ocrx_word' id='word_1_2' title='bbox 125 280 342 327; x_wconf 80' lang='lat' dir='ltr'>Casparis</span> <span class='ocrx_word' id='word_1_3' title='bbox 380 280 542 318; x_wconf 80' lang='lat' dir='ltr'><strong>Ursini</strong></span> <span class='ocrx_word' id='word_1_4' title='bbox 568 280 697 317; x_wconf 88' lang='lat' dir='ltr'>Velii</span> <span class='ocrx_word' id='word_1_5' title='bbox 724 279 881 316; x_wconf 75' lang='lat' dir='ltr'>Oratio</span> <span class='ocrx_word' id='word_1_6' title='bbox 919 280 1082 317; x_wconf 84' lang='lat' dir='ltr'>habita</span> <span class='ocrx_word' id='word_1_7' title='bbox 1111 281 1162 316; x_wconf 88' lang='lat' dir='ltr'>in</span> <span class='ocrx_word' id='word_1_8' title='bbox 1188 281 1309 317; x_wconf 87' lang='lat' dir='ltr'>Alba</span> <span class='ocrx_word' id='word_1_9' title='bbox 1335 280 1505 328; x_wconf 80' lang='lat' dir='ltr'>Regali</span> <span class='ocrx_word' id='word_1_10' title='bbox 1532 282 1606 319; x_wconf 87' lang='lat' dir='ltr'>die</span> 
     </span>
     <span class='ocr_line' id='line_1_3' title="bbox 123 344 1609 391; baseline 0.002 -11"><span class='ocrx_word' id='word_1_11' title='bbox 123 344 421 382; x_wconf 79' lang='lat' dir='ltr'>felicissimae</span> <span class='ocrx_word' id='word_1_12' title='bbox 448 345 769 382; x_wconf 79' lang='lat' dir='ltr'>Goronationis</span> <span class='ocrx_word' id='word_1_13' title='bbox 796 344 964 391; x_wconf 81' lang='lat' dir='ltr'>inclyti</span> <span class='ocrx_word' id='word_1_14' title='bbox 983 356 1036 381; x_wconf 86' lang='lat' dir='ltr'>ae</span> <span class='ocrx_word' id='word_1_15' title='bbox 1055 346 1295 391; x_wconf 83' lang='lat' dir='ltr'>potentiss.</span> <span class='ocrx_word' id='word_1_16' title='bbox 1321 346 1609 383; x_wconf 84' lang='lat' dir='ltr'>Ferdinandi</span> 
     </span>
    </p>
   </div>
   <div class='ocr_carea' id='block_1_3' title="bbox 122 409 1609 511">
    <p class='ocr_par' dir='ltr' id='par_1_3' title="bbox 122 409 1609 511">
     <span class='ocr_line' id='line_1_4' title="bbox 122 409 1609 457; baseline -0.001 -11"><span class='ocrx_word' id='word_1_17' title='bbox 122 409 358 456; x_wconf 81' lang='lat' dir='ltr'>Ungariae</span> <span class='ocrx_word' id='word_1_18' title='bbox 373 409 716 457; x_wconf 85' lang='lat' dir='ltr'>Bohemiaeque</span> <span class='ocrx_word' id='word_1_19' title='bbox 732 410 887 457; x_wconf 75' lang='lat' dir='ltr'>Regis.</span> <span class='ocrx_word' id='word_1_20' title='bbox 907 410 1041 446; x_wconf 85' lang='lat' dir='ltr'>Anno</span> <span class='ocrx_word' id='word_1_21' title='bbox 1057 410 1371 456; x_wconf 84' lang='lat' dir='ltr'>M.D.XXV11‚</span> <span class='ocrx_word' id='word_1_22' title='bbox 1390 412 1469 447; x_wconf 90' lang='grc' dir='ltr'>ΠΙ.</span> <span class='ocrx_word' id='word_1_23' title='bbox 1485 411 1609 448; x_wconf 79' lang='lat' dir='ltr'>Non.</span> 
     </span>
     <span class='ocr_line' id='line_1_5' title="bbox 708 475 1022 511; baseline 0 -1"><span class='ocrx_word' id='word_1_24' title='bbox 708 475 995 511; x_wconf 83' lang='lat' dir='ltr'>Novembris.</span> <span class='ocrx_word' id='word_1_25' title='bbox 1014 476 1022 496; x_wconf 85' lang='lat'>¹</span> 
     </span>
    </p>
   </div>
   <div class='ocr_carea' id='block_1_4' title="bbox 218 572 1514 627">
    <p class='ocr_par' dir='ltr' id='par_1_4' title="bbox 218 572 1514 627">
     <span class='ocr_line' id='line_1_6' title="bbox 218 572 1514 627; baseline 0.002 -14"><span class='ocrx_word' id='word_1_26' title='bbox 218 572 272 623; x_wconf 71' lang='lat' dir='ltr'>(A</span> <span class='ocrx_word' id='word_1_27' title='bbox 305 572 488 614; x_wconf 47' lang='lat' dir='ltr'>Bosphori</span> <span class='ocrx_word' id='word_1_28' title='bbox 518 573 668 615; x_wconf 67' lang='lat' dir='ltr'>Istvcin</span> <span class='ocrx_word' id='word_1_29' title='bbox 702 573 918 615; x_wconf 66' lang='lat' dir='ltr'>ncidorlzoe</span> <span class='ocrx_word' id='word_1_30' title='bbox 953 573 1118 614; x_wconf 51' lang='lat' dir='ltr'>inteeett</span> <span class='ocrx_word' id='word_1_31' title='bbox 1151 574 1514 627; x_wconf 60' lang='lat' dir='ltr'>ajoenM-leve‘lbdl.)</span> 
     </span>
    </p>
   </div>
   <div class='ocr_carea' id='block_1_5' title="bbox 121 673 1611 1424">
    <p class='ocr_par' dir='ltr' id='par_1_5' title="bbox 121 673 1611 1424">
     <span class='ocr_line' id='line_1_7' title="bbox 240 673 1611 729; baseline 0.001 -14"><span class='ocrx_word' id='word_1_32' title='bbox 240 674 468 715; x_wconf 77' lang='lat' dir='ltr'>Excellens</span> <span class='ocrx_word' id='word_1_33' title='bbox 500 673 632 715; x_wconf 86' lang='lat' dir='ltr'>virtus</span> <span class='ocrx_word' id='word_1_34' title='bbox 663 680 750 725; x_wconf 79' lang='lat' dir='ltr'>tua,</span> <span class='ocrx_word' id='word_1_35' title='bbox 785 687 835 715; x_wconf 83' lang='lat' dir='ltr'>ao</span> <span class='ocrx_word' id='word_1_36' title='bbox 863 674 1097 727; x_wconf 78' lang='lat' dir='ltr'>praecipua</span> <span class='ocrx_word' id='word_1_37' title='bbox 1130 687 1232 727; x_wconf 88' lang='lat' dir='ltr'>erga</span> <span class='ocrx_word' id='word_1_38' title='bbox 1258 676 1440 729; x_wconf 87' lang='lat' dir='ltr'>patriam</span> <span class='ocrx_word' id='word_1_39' title='bbox 1467 675 1611 728; x_wconf 86' lang='lat' dir='ltr'>pietas</span> 
     </span>
     <span class='ocr_line' id='line_1_8' title="bbox 123 744 1604 799; baseline 0.001 -13"><span class='ocrx_word' id='word_1_40' title='bbox 123 744 381 798; x_wconf 78' lang='lat' dir='ltr'>Spectabilis</span> <span class='ocrx_word' id='word_1_41' title='bbox 427 757 477 785; x_wconf 86' lang='lat' dir='ltr'>ao</span> <span class='ocrx_word' id='word_1_42' title='bbox 518 744 744 798; x_wconf 78' lang='lat' dir='ltr'>Magnifice</span> <span class='ocrx_word' id='word_1_43' title='bbox 788 745 971 785; x_wconf 87' lang='lat' dir='ltr'>Domine</span> <span class='ocrx_word' id='word_1_44' title='bbox 1016 745 1164 786; x_wconf 85' lang='lat' dir='ltr'>Inelite</span> <span class='ocrx_word' id='word_1_45' title='bbox 1198 746 1318 798; x_wconf 88' lang='lat' dir='ltr'>regni</span> <span class='ocrx_word' id='word_1_46' title='bbox 1356 745 1604 799; x_wconf 88' lang='lat' dir='ltr'>Hungariae</span> 
     </span>
     <span class='ocr_line' id='line_1_9' title="bbox 122 813 1608 869; baseline 0.001 -13"><span class='ocrx_word' id='word_1_47' title='bbox 122 815 331 866; x_wconf 71' lang='lat' dir='ltr'>Palatine,</span> <span class='ocrx_word' id='word_1_48' title='bbox 352 815 472 856; x_wconf 84' lang='lat' dir='ltr'>euius</span> <span class='ocrx_word' id='word_1_49' title='bbox 490 829 601 856; x_wconf 91' lang='lat' dir='ltr'>anno</span> <span class='ocrx_word' id='word_1_50' title='bbox 621 816 839 869; x_wconf 73' lang='lat' dir='ltr'>superiore</span> <span class='ocrx_word' id='word_1_51' title='bbox 854 813 1003 869; x_wconf 70' lang='lat'>(1526)</span> <span class='ocrx_word' id='word_1_52' title='bbox 1021 816 1064 856; x_wconf 90' lang='lat' dir='ltr'>in</span> <span class='ocrx_word' id='word_1_53' title='bbox 1083 815 1284 869; x_wconf 86' lang='lat' dir='ltr'>eligendo</span> <span class='ocrx_word' id='word_1_54' title='bbox 1307 829 1409 869; x_wconf 87' lang='lat' dir='ltr'>rege</span> <span class='ocrx_word' id='word_1_55' title='bbox 1432 816 1608 858; x_wconf 85' lang='lat' dir='ltr'>Posonii</span> 
     </span>
     <span class='ocr_line' id='line_1_10' title="bbox 122 886 1609 940; baseline 0.001 -14"><span class='ocrx_word' id='word_1_56' title='bbox 122 886 477 940; x_wconf 81' lang='lat' dir='ltr'>significationem</span> <span class='ocrx_word' id='word_1_57' title='bbox 513 887 731 939; x_wconf 77' lang='lat' dir='ltr'>egregiam</span> <span class='ocrx_word' id='word_1_58' title='bbox 766 886 934 938; x_wconf 76' lang='lat' dir='ltr'>dedisti,</span> <span class='ocrx_word' id='word_1_59' title='bbox 969 886 1138 927; x_wconf 87' lang='lat' dir='ltr'>laudem</span> <span class='ocrx_word' id='word_1_60' title='bbox 1165 892 1207 927; x_wconf 90' lang='lat' dir='ltr'>et</span> <span class='ocrx_word' id='word_1_61' title='bbox 1236 899 1389 927; x_wconf 87' lang='lat' dir='ltr'>nomen</span> <span class='ocrx_word' id='word_1_62' title='bbox 1422 893 1609 928; x_wconf 85' lang='lat' dir='ltr'>meretur</span> 
     </span>
     <span class='ocr_line' id='line_1_11' title="bbox 123 957 1608 1011; baseline 0.001 -14"><span class='ocrx_word' id='word_1_63' title='bbox 123 957 439 1011; x_wconf 77' lang='lat' dir='ltr'>sempiternum,</span> <span class='ocrx_word' id='word_1_64' title='bbox 465 957 619 998; x_wconf 83' lang='lat' dir='ltr'>etenim</span> <span class='ocrx_word' id='word_1_65' title='bbox 645 958 854 998; x_wconf 75' lang='lat' dir='ltr'>exstineto</span> <span class='ocrx_word' id='word_1_66' title='bbox 878 970 980 1010; x_wconf 88' lang='lat' dir='ltr'>rege</span> <span class='ocrx_word' id='word_1_67' title='bbox 999 957 1217 998; x_wconf 83' lang='lat' dir='ltr'>Ludovieo</span> <span class='ocrx_word' id='word_1_68' title='bbox 1242 957 1477 998; x_wconf 82' lang='lat' dir='ltr'>seeundum</span> <span class='ocrx_word' id='word_1_69' title='bbox 1497 958 1608 1011; x_wconf 85' lang='lat' dir='ltr'>regi-</span> 
     </span>
     <span class='ocr_line' id='line_1_12' title="bbox 121 1028 1606 1082; baseline 0.001 -14"><span class='ocrx_word' id='word_1_70' title='bbox 121 1041 218 1068; x_wconf 89' lang='lat' dir='ltr'>nam</span> <span class='ocrx_word' id='word_1_71' title='bbox 244 1028 298 1069; x_wconf 87' lang='lat' dir='ltr'>ad</span> <span class='ocrx_word' id='word_1_72' title='bbox 321 1033 362 1068; x_wconf 88' lang='lat' dir='ltr'>te</span> <span class='ocrx_word' id='word_1_73' title='bbox 387 1028 465 1068; x_wconf 89' lang='lat' dir='ltr'>sub</span> <span class='ocrx_word' id='word_1_74' title='bbox 486 1028 720 1081; x_wconf 78' lang='lat' dir='ltr'>interregni</span> <span class='ocrx_word' id='word_1_75' title='bbox 753 1034 922 1082; x_wconf 87' lang='lat' dir='ltr'>tempus</span> <span class='ocrx_word' id='word_1_76' title='bbox 947 1041 1112 1068; x_wconf 87' lang='lat' dir='ltr'>summa</span> <span class='ocrx_word' id='word_1_77' title='bbox 1133 1041 1272 1069; x_wconf 88' lang='lat' dir='ltr'>rerum</span> <span class='ocrx_word' id='word_1_78' title='bbox 1294 1028 1606 1070; x_wconf 78' lang='lat' dir='ltr'>administratio</span> 
     </span>
     <span class='ocr_line' id='line_1_13' title="bbox 122 1098 1608 1152; baseline 0.001 -13"><span class='ocrx_word' id='word_1_79' title='bbox 122 1098 323 1140; x_wconf 81' lang='lat' dir='ltr'>devoluta</span> <span class='ocrx_word' id='word_1_80' title='bbox 355 1105 483 1149; x_wconf 73' lang='lat' dir='ltr'>esset,</span> <span class='ocrx_word' id='word_1_81' title='bbox 529 1099 688 1140; x_wconf 80' lang='lat' dir='ltr'>indicto</span> <span class='ocrx_word' id='word_1_82' title='bbox 723 1113 775 1140; x_wconf 79' lang='lat' dir='ltr'>ex</span> <span class='ocrx_word' id='word_1_83' title='bbox 806 1099 903 1152; x_wconf 82' lang='lat' dir='ltr'>lege</span> <span class='ocrx_word' id='word_1_84' title='bbox 944 1105 1114 1140; x_wconf 81' lang='lat' dir='ltr'>vetusta</span> <span class='ocrx_word' id='word_1_85' title='bbox 1146 1099 1456 1140; x_wconf 78' lang='lat' dir='ltr'>consuetudine</span> <span class='ocrx_word' id='word_1_86' title='bbox 1490 1099 1608 1140; x_wconf 90' lang='lat' dir='ltr'>sanis</span> 
     </span>
     <span class='ocr_line' id='line_1_14' title="bbox 122 1169 1606 1223; baseline -0.001 -13"><span class='ocrx_word' id='word_1_87' title='bbox 122 1169 263 1211; x_wconf 82' lang='lat' dir='ltr'>adhue</span> <span class='ocrx_word' id='word_1_88' title='bbox 307 1175 350 1210; x_wconf 89' lang='lat' dir='ltr'>et</span> <span class='ocrx_word' id='word_1_89' title='bbox 392 1169 570 1223; x_wconf 82' lang='lat' dir='ltr'>integris</span> <span class='ocrx_word' id='word_1_90' title='bbox 615 1170 736 1222; x_wconf 84' lang='lat' dir='ltr'>regni</span> <span class='ocrx_word' id='word_1_91' title='bbox 780 1169 1034 1223; x_wconf 84' lang='lat' dir='ltr'>primoribus</span> <span class='ocrx_word' id='word_1_92' title='bbox 1080 1169 1150 1221; x_wconf 90' lang='lat' dir='ltr'>qui</span> <span class='ocrx_word' id='word_1_93' title='bbox 1193 1169 1381 1210; x_wconf 81' lang='lat' dir='ltr'>inolitam</span> <span class='ocrx_word' id='word_1_94' title='bbox 1414 1169 1606 1222; x_wconf 82' lang='lat' dir='ltr'>reginam</span> 
     </span>
     <span class='ocr_line' id='line_1_15' title="bbox 121 1240 1607 1294; baseline -0.001 -13"><span class='ocrx_word' id='word_1_95' title='bbox 121 1240 297 1281; x_wconf 91' lang='lat' dir='ltr'>Mariam</span> <span class='ocrx_word' id='word_1_96' title='bbox 340 1240 511 1281; x_wconf 88' lang='lat' dir='ltr'>fuerant</span> <span class='ocrx_word' id='word_1_97' title='bbox 556 1241 692 1282; x_wconf 82' lang='lat' dir='ltr'>secuti</span> <span class='ocrx_word' id='word_1_98' title='bbox 737 1246 963 1291; x_wconf 76' lang='lat' dir='ltr'>conventu,</span> <span class='ocrx_word' id='word_1_99' title='bbox 1007 1240 1159 1280; x_wconf 82' lang='lat' dir='ltr'>author</span> <span class='ocrx_word' id='word_1_100' title='bbox 1189 1240 1321 1291; x_wconf 81' lang='lat' dir='ltr'>fuisti,</span> <span class='ocrx_word' id='word_1_101' title='bbox 1355 1246 1400 1281; x_wconf 90' lang='lat' dir='ltr'>ut</span> <span class='ocrx_word' id='word_1_102' title='bbox 1432 1254 1607 1294; x_wconf 86' lang='lat' dir='ltr'>magna-</span> 
     </span>
     <span class='ocr_line' id='line_1_16' title="bbox 122 1310 1607 1365; baseline -0.001 -13"><span class='ocrx_word' id='word_1_103' title='bbox 122 1312 277 1352; x_wconf 86' lang='lat' dir='ltr'>nimum</span> <span class='ocrx_word' id='word_1_104' title='bbox 326 1324 377 1352; x_wconf 84' lang='lat' dir='ltr'>ao</span> <span class='ocrx_word' id='word_1_105' title='bbox 423 1312 765 1365; x_wconf 85' lang='lat' dir='ltr'>potentissimum</span> <span class='ocrx_word' id='word_1_106' title='bbox 813 1311 1047 1365; x_wconf 83' lang='lat' dir='ltr'>prinoipem</span> <span class='ocrx_word' id='word_1_107' title='bbox 1096 1310 1412 1352; x_wconf 83' lang='lat' dir='ltr'>Ferdinandum</span> <span class='ocrx_word' id='word_1_108' title='bbox 1460 1324 1607 1365; x_wconf 89' lang='lat' dir='ltr'>regem</span> 
     </span>
     <span class='ocr_line' id='line_1_17' title="bbox 122 1382 750 1424; baseline 0.002 -2"><span class='ocrx_word' id='word_1_109' title='bbox 122 1382 437 1424; x_wconf 89' lang='lat' dir='ltr'>Pannoniorum</span> <span class='ocrx_word' id='word_1_110' title='bbox 470 1383 750 1423; x_wconf 88' lang='lat' dir='ltr'>nominarent.</span> 
     </span>
    </p>
   </div>
   <div class='ocr_carea' id='block_1_6' title="bbox 443 1602 1287 1639">
    <p class='ocr_par' dir='ltr' id='par_1_6' title="bbox 443 1602 1287 1639">
     <span class='ocr_line' id='line_1_18' title="bbox 443 1602 1287 1639; baseline 0 -1"><span class='ocrx_word' id='word_1_111' title='bbox 443 1603 640 1639; x_wconf 84' lang='lat' dir='ltr'>Ursinus</span> <span class='ocrx_word' id='word_1_112' title='bbox 665 1603 827 1639; x_wconf 83' lang='lat' dir='ltr'>Velius</span> <span class='ocrx_word' id='word_1_113' title='bbox 855 1602 1287 1639; x_wconf 74' lang='lat' dir='ltr'>Monasticha1b61.2</span> 
     </span>
    </p>
   </div>
   <div class='ocr_carea' id='block_1_7' title="bbox 120 1700 1604 1827">
    <p class='ocr_par' dir='ltr' id='par_1_7' title="bbox 120 1700 1604 1827">
     <span class='ocr_line' id='line_1_19' title="bbox 120 1700 1604 1756; baseline -0.001 -14"><span class='ocrx_word' id='word_1_114' title='bbox 120 1702 190 1744; x_wconf 89' lang='lat' dir='ltr'>fol.</span> <span class='ocrx_word' id='word_1_115' title='bbox 223 1703 269 1743; x_wconf 81' lang='lat' dir='ltr'>E.</span> <span class='ocrx_word' id='word_1_116' title='bbox 300 1701 395 1744; x_wconf 84' lang='lat' dir='ltr'>lla.</span> <span class='ocrx_word' id='word_1_117' title='bbox 441 1701 512 1743; x_wconf 74' lang='lat' dir='ltr'>Ad</span> <span class='ocrx_word' id='word_1_118' title='bbox 543 1701 961 1743; x_wconf 67' lang='lat' dir='ltr'>Reverendissimum</span> <span class='ocrx_word' id='word_1_119' title='bbox 1006 1701 1063 1742; x_wconf 89' lang='lat' dir='ltr'>D.</span> <span class='ocrx_word' id='word_1_120' title='bbox 1102 1701 1306 1742; x_wconf 70' lang='lat' dir='ltr'>Thomam</span> <span class='ocrx_word' id='word_1_121' title='bbox 1354 1700 1604 1756; x_wconf 70' lang='lat' dir='ltr'>Ayrz‘ensem</span> 
     </span>
     <span class='ocr_line' id='line_1_20' title="bbox 279 1771 1441 1827; baseline -0.002 -12"><span class='ocrx_word' id='word_1_122' title='bbox 279 1772 544 1826; x_wconf 68' lang='lat' dir='ltr'>Episcopum</span> <span class='ocrx_word' id='word_1_123' title='bbox 575 1777 612 1814; x_wconf 71' lang='lat' dir='ltr'>et</span> <span class='ocrx_word' id='word_1_124' title='bbox 643 1772 787 1827; x_wconf 67' lang='lat' dir='ltr'>Refflzz‘</span> <span class='ocrx_word' id='word_1_125' title='bbox 818 1772 1077 1827; x_wconf 63' lang='lat' dir='ltr'>Hzmywriae</span> <span class='ocrx_word' id='word_1_126' title='bbox 1114 1771 1441 1814; x_wconf 69' lang='lat' dir='ltr'>Csmcellarium.</span> 
     </span>
    </p>
   </div>
   <div class='ocr_carea' id='block_1_8' title="bbox 268 1879 1466 2146">
    <p class='ocr_par' dir='ltr' id='par_1_8' title="bbox 268 1879 1393 2006">
     <span class='ocr_line' id='line_1_21' title="bbox 268 1879 1393 1933; baseline -0.002 -11"><span class='ocrx_word' id='word_1_127' title='bbox 268 1881 333 1922; x_wconf 92' lang='lat' dir='ltr'>Ad</span> <span class='ocrx_word' id='word_1_128' title='bbox 366 1886 407 1922; x_wconf 91' lang='lat' dir='ltr'>te</span> <span class='ocrx_word' id='word_1_129' title='bbox 440 1882 619 1922; x_wconf 90' lang='lat' dir='ltr'>missuro</span> <span class='ocrx_word' id='word_1_130' title='bbox 653 1881 754 1922; x_wconf 88' lang='lat' dir='ltr'>mihi</span> <span class='ocrx_word' id='word_1_131' title='bbox 787 1880 976 1922; x_wconf 82' lang='lat' dir='ltr'>earmina</span> <span class='ocrx_word' id='word_1_132' title='bbox 1010 1879 1216 1933; x_wconf 81' lang='lat' dir='ltr'>Cynthius</span> <span class='ocrx_word' id='word_1_133' title='bbox 1250 1893 1393 1921; x_wconf 90' lang='lat' dir='ltr'>aurem</span> 
     </span>
     <span class='ocr_line' id='line_1_22' title="bbox 327 1952 1297 2006; baseline -0.002 -13"><span class='ocrx_word' id='word_1_134' title='bbox 327 1952 457 1993; x_wconf 90' lang='lat' dir='ltr'>Vellit</span> <span class='ocrx_word' id='word_1_135' title='bbox 489 1959 531 1993; x_wconf 89' lang='lat' dir='ltr'>et</span> <span class='ocrx_word' id='word_1_136' title='bbox 562 1952 772 2006; x_wconf 79' lang='lat' dir='ltr'>increpuit</span> <span class='ocrx_word' id='word_1_137' title='bbox 804 1965 870 1992; x_wconf 89' lang='lat' dir='ltr'>me</span> <span class='ocrx_word' id='word_1_138' title='bbox 904 1952 1023 1992; x_wconf 90' lang='lat' dir='ltr'>Deus</span> <span class='ocrx_word' id='word_1_139' title='bbox 1057 1964 1128 1992; x_wconf 90' lang='lat' dir='ltr'>ore</span> <span class='ocrx_word' id='word_1_140' title='bbox 1162 1964 1297 1992; x_wconf 81' lang='lat' dir='ltr'>sacro.</span> 
     </span>
    </p>

    <p class='ocr_par' dir='ltr' id='par_1_9' title="bbox 270 2022 1466 2146">
     <span class='ocr_line' id='line_1_23' title="bbox 270 2022 1466 2076; baseline -0.001 -12"><span class='ocrx_word' id='word_1_141' title='bbox 270 2022 406 2064; x_wconf 83' lang='lat' dir='ltr'>Stulte</span> <span class='ocrx_word' id='word_1_142' title='bbox 434 2024 534 2076; x_wconf 88' lang='lat' dir='ltr'>quid</span> <span class='ocrx_word' id='word_1_143' title='bbox 558 2029 744 2064; x_wconf 79' lang='lat' dir='ltr'>attentas</span> <span class='ocrx_word' id='word_1_144' title='bbox 759 2022 781 2063; x_wconf 70' lang='lat'>⁶?</span> <span class='ocrx_word' id='word_1_145' title='bbox 814 2023 911 2063; x_wconf 84' lang='lat' dir='ltr'>huie</span> <span class='ocrx_word' id='word_1_146' title='bbox 935 2022 1005 2074; x_wconf 88' lang='lat' dir='ltr'>qui</span> <span class='ocrx_word' id='word_1_147' title='bbox 1030 2036 1107 2063; x_wconf 86' lang='lat' dir='ltr'>sua</span> <span class='ocrx_word' id='word_1_148' title='bbox 1130 2023 1319 2063; x_wconf 85' lang='lat' dir='ltr'>earmina</span> <span class='ocrx_word' id='word_1_149' title='bbox 1340 2022 1466 2063; x_wconf 86' lang='lat' dir='ltr'>mittit</span> 
     </span>
     <span class='ocr_line' id='line_1_24' title="bbox 328 2093 1304 2146; baseline -0.002 -11"><span class='ocrx_word' id='word_1_150' title='bbox 328 2095 579 2136; x_wconf 87' lang='lat' dir='ltr'>Pannoniae</span> <span class='ocrx_word' id='word_1_151' title='bbox 612 2096 736 2146; x_wconf 80' lang='lat' dir='ltr'>vites,</span> <span class='ocrx_word' id='word_1_152' title='bbox 770 2093 970 2134; x_wconf 86' lang='lat' dir='ltr'>Danubio</span> <span class='ocrx_word' id='word_1_153' title='bbox 1004 2093 1122 2133; x_wconf 88' lang='lat' dir='ltr'>addit</span> <span class='ocrx_word' id='word_1_154' title='bbox 1156 2106 1304 2145; x_wconf 88' lang='lat' dir='ltr'>aquas.</span> 
     </span>
    </p>
   </div>
   <div class='ocr_carea' id='block_1_9' title="bbox 121 2230 1607 2927">
    <p class='ocr_par' dir='ltr' id='par_1_10' title="bbox 122 2230 1605 2395">
     <span class='ocr_line' id='line_1_25' title="bbox 241 2230 1603 2276; baseline 0 -10"><span class='ocrx_word' id='word_1_155' title='bbox 241 2232 251 2252; x_wconf 82' lang='lat'>1</span> <span class='ocrx_word' id='word_1_156' title='bbox 284 2233 318 2266; x_wconf 80' lang='lat' dir='ltr'>A</span> <span class='ocrx_word' id='word_1_157' title='bbox 350 2232 473 2276; x_wconf 70' lang='lat' dir='ltr'>konyv</span> <span class='ocrx_word' id='word_1_158' title='bbox 504 2230 645 2275; x_wconf 76' lang='lat' dir='ltr'>vegen:</span> <span class='ocrx_word' id='word_1_159' title='bbox 688 2232 889 2273; x_wconf 77' lang='lat' dir='ltr'>„Exousum</span> <span class='ocrx_word' id='word_1_160' title='bbox 928 2231 1089 2264; x_wconf 76' lang='lat' dir='ltr'>Viennae</span> <span class='ocrx_word' id='word_1_161' title='bbox 1127 2230 1298 2265; x_wconf 81' lang='lat' dir='ltr'>Austriae</span> <span class='ocrx_word' id='word_1_162' title='bbox 1336 2241 1401 2274; x_wconf 88' lang='lat' dir='ltr'>per</span> <span class='ocrx_word' id='word_1_163' title='bbox 1432 2231 1603 2266; x_wconf 86' lang='lat' dir='ltr'>Ioannem</span> 
     </span>
     <span class='ocr_line' id='line_1_26' title="bbox 123 2288 1605 2337; baseline -0.001 -10"><span class='ocrx_word' id='word_1_164' title='bbox 123 2292 384 2337; x_wconf 61' lang='lat' dir='ltr'>Singrenimffl.</span> <span class='ocrx_word' id='word_1_165' title='bbox 405 2290 698 2336; x_wconf 79' lang='lat' dir='ltr'>Negyedretben,</span> <span class='ocrx_word' id='word_1_166' title='bbox 719 2290 997 2324; x_wconf 72' lang='lat' dir='ltr'>esztendtiszam</span> <span class='ocrx_word' id='word_1_167' title='bbox 1013 2290 1130 2331; x_wconf 73' lang='lat'>(1527)</span> <span class='ocrx_word' id='word_1_168' title='bbox 1157 2288 1290 2323; x_wconf 79' lang='lat' dir='ltr'>nelkiil.</span> <span class='ocrx_word' id='word_1_169' title='bbox 1309 2290 1507 2325; x_wconf 73' lang='lat' dir='ltr'>Bovebben</span> <span class='ocrx_word' id='word_1_170' title='bbox 1527 2290 1605 2325; x_wconf 83' lang='lat' dir='ltr'>szol</span> 
     </span>
     <span class='ocr_line' id='line_1_27' title="bbox 122 2349 953 2395; baseline -0.005 -9"><span class='ocrx_word' id='word_1_171' title='bbox 122 2363 141 2387; x_wconf 86' lang='lat' dir='ltr'>e</span> <span class='ocrx_word' id='word_1_172' title='bbox 167 2350 353 2386; x_wconf 78' lang='lat' dir='ltr'>kiadasrol</span> <span class='ocrx_word' id='word_1_173' title='bbox 378 2349 555 2395; x_wconf 77' lang='lat' dir='ltr'>Kemeny,</span> <span class='ocrx_word' id='word_1_174' title='bbox 584 2350 810 2384; x_wconf 81' lang='lat' dir='ltr'>Kalaszatok</span> <span class='ocrx_word' id='word_1_175' title='bbox 836 2361 870 2393; x_wconf 87' lang='lat' dir='ltr'>p.</span> <span class='ocrx_word' id='word_1_176' title='bbox 900 2350 953 2382; x_wconf 77' lang='lat'>73.</span> 
     </span>
    </p>

    <p class='ocr_par' dir='ltr' id='par_1_11' title="bbox 121 2407 1607 2927">
     <span class='ocr_line' id='line_1_28' title="bbox 239 2407 1606 2454; baseline -0.001 -10"><span class='ocrx_word' id='word_1_177' title='bbox 239 2410 251 2429; x_wconf 79' lang='lat'>2</span> <span class='ocrx_word' id='word_1_178' title='bbox 278 2410 312 2444; x_wconf 91' lang='lat' dir='ltr'><strong>A</strong></span> <span class='ocrx_word' id='word_1_179' title='bbox 329 2410 453 2454; x_wconf 76' lang='lat' dir='ltr'>konyv</span> <span class='ocrx_word' id='word_1_180' title='bbox 471 2410 603 2444; x_wconf 85' lang='lat' dir='ltr'>ozime:</span> <span class='ocrx_word' id='word_1_181' title='bbox 635 2409 733 2451; x_wconf 69' lang='lat' dir='ltr'>„Hoc</span> <span class='ocrx_word' id='word_1_182' title='bbox 752 2409 787 2442; x_wconf 89' lang='lat' dir='ltr'>in</span> <span class='ocrx_word' id='word_1_183' title='bbox 805 2409 929 2443; x_wconf 87' lang='lat' dir='ltr'>libello</span> <span class='ocrx_word' id='word_1_184' title='bbox 948 2407 1191 2441; x_wconf 81' lang='lat' dir='ltr'>eontinentur:</span> <span class='ocrx_word' id='word_1_185' title='bbox 1214 2407 1445 2441; x_wconf 73' lang='lat' dir='ltr'>Monosticha</span> <span class='ocrx_word' id='word_1_186' title='bbox 1464 2409 1606 2453; x_wconf 84' lang='lat' dir='ltr'>Regum</span> 
     </span>
     <span class='ocr_line' id='line_1_29' title="bbox 121 2467 1605 2511; baseline -0.001 -7"><span class='ocrx_word' id='word_1_187' title='bbox 121 2470 257 2511; x_wconf 87' lang='lat' dir='ltr'>Italiae,</span> <span class='ocrx_word' id='word_1_188' title='bbox 284 2470 521 2509; x_wconf 87' lang='lat' dir='ltr'>Albanorum,</span> <span class='ocrx_word' id='word_1_189' title='bbox 548 2469 793 2503; x_wconf 86' lang='lat' dir='ltr'>Romanorum</span> <span class='ocrx_word' id='word_1_190' title='bbox 821 2471 856 2502; x_wconf 88' lang='lat' dir='ltr'>et</span> <span class='ocrx_word' id='word_1_191' title='bbox 883 2468 1038 2501; x_wconf 86' lang='lat' dir='ltr'>virorum</span> <span class='ocrx_word' id='word_1_192' title='bbox 1064 2467 1266 2507; x_wconf 83' lang='lat' dir='ltr'>illustrium,</span> <span class='ocrx_word' id='word_1_193' title='bbox 1306 2470 1381 2500; x_wconf 85' lang='lat' dir='ltr'>tum</span> <span class='ocrx_word' id='word_1_194' title='bbox 1409 2467 1605 2502; x_wconf 82' lang='lat' dir='ltr'>Caesarum</span> 
     </span>
     <span class='ocr_line' id='line_1_30' title="bbox 121 2526 1607 2573; baseline -0.001 -11"><span class='ocrx_word' id='word_1_195' title='bbox 121 2539 237 2573; x_wconf 87' lang='lat' dir='ltr'>usque</span> <span class='ocrx_word' id='word_1_196' title='bbox 268 2529 313 2562; x_wconf 88' lang='lat' dir='ltr'>ad</span> <span class='ocrx_word' id='word_1_197' title='bbox 339 2532 499 2563; x_wconf 85' lang='lat' dir='ltr'>nostram</span> <span class='ocrx_word' id='word_1_198' title='bbox 525 2530 692 2561; x_wconf 85' lang='lat' dir='ltr'>aetatem.</span> <span class='ocrx_word' id='word_1_199' title='bbox 722 2526 953 2560; x_wconf 66' lang='lat' dir='ltr'>Monosticha</span> <span class='ocrx_word' id='word_1_200' title='bbox 980 2536 1199 2559; x_wconf 85' lang='lat' dir='ltr'>summorum</span> <span class='ocrx_word' id='word_1_201' title='bbox 1220 2526 1437 2560; x_wconf 79' lang='lat' dir='ltr'>Pontificum</span> <span class='ocrx_word' id='word_1_202' title='bbox 1455 2527 1557 2561; x_wconf 85' lang='lat' dir='ltr'>Rom.</span> <span class='ocrx_word' id='word_1_203' title='bbox 1586 2537 1607 2560; x_wconf 88' lang='lat' dir='ltr'>a</span> 
     </span>
     <span class='ocr_line' id='line_1_31' title="bbox 121 2584 1604 2631; baseline -0.001 -10"><span class='ocrx_word' id='word_1_204' title='bbox 121 2588 229 2622; x_wconf 87' lang='lat' dir='ltr'>Petro</span> <span class='ocrx_word' id='word_1_205' title='bbox 255 2597 371 2631; x_wconf 88' lang='lat' dir='ltr'>usque</span> <span class='ocrx_word' id='word_1_206' title='bbox 399 2587 444 2621; x_wconf 82' lang='lat' dir='ltr'>ad</span> <span class='ocrx_word' id='word_1_207' title='bbox 471 2586 694 2620; x_wconf 88' lang='lat' dir='ltr'>Clementem</span> <span class='ocrx_word' id='word_1_208' title='bbox 723 2585 933 2630; x_wconf 76' lang='lat' dir='ltr'>Septimum,</span> <span class='ocrx_word' id='word_1_209' title='bbox 963 2584 1123 2628; x_wconf 84' lang='lat' dir='ltr'>Casparo</span> <span class='ocrx_word' id='word_1_210' title='bbox 1151 2585 1280 2619; x_wconf 85' lang='lat' dir='ltr'>Ursino</span> <span class='ocrx_word' id='word_1_211' title='bbox 1306 2586 1410 2620; x_wconf 90' lang='lat' dir='ltr'>Velio</span> <span class='ocrx_word' id='word_1_212' title='bbox 1430 2586 1604 2620; x_wconf 81' lang='lat' dir='ltr'>Authore.</span> 
     </span>
     <span class='ocr_line' id='line_1_32' title="bbox 122 2644 1607 2680; baseline -0.001 0"><span class='ocrx_word' id='word_1_213' title='bbox 122 2646 295 2680; x_wconf 84' lang='lat' dir='ltr'>Eiusdem</span> <span class='ocrx_word' id='word_1_214' title='bbox 322 2656 464 2680; x_wconf 74' lang='lat' dir='ltr'>carmen</span> <span class='ocrx_word' id='word_1_215' title='bbox 492 2646 537 2679; x_wconf 88' lang='lat' dir='ltr'>ad</span> <span class='ocrx_word' id='word_1_216' title='bbox 563 2645 761 2679; x_wconf 85' lang='lat' dir='ltr'>Adrianum</span> <span class='ocrx_word' id='word_1_217' title='bbox 789 2644 936 2679; x_wconf 79' lang='lat' dir='ltr'>Sextum</span> <span class='ocrx_word' id='word_1_218' title='bbox 962 2644 1065 2678; x_wconf 87' lang='lat' dir='ltr'>Pont.</span> <span class='ocrx_word' id='word_1_219' title='bbox 1091 2644 1291 2678; x_wconf 80' lang='lat' dir='ltr'>Maximum.</span> <span class='ocrx_word' id='word_1_220' title='bbox 1319 2644 1503 2679; x_wconf 84' lang='lat' dir='ltr'>Adiuneta</span> <span class='ocrx_word' id='word_1_221' title='bbox 1523 2648 1607 2679; x_wconf 86' lang='lat' dir='ltr'>sunt</span> 
     </span>
     <span class='ocr_line' id='line_1_33' title="bbox 121 2702 1606 2749; baseline 0 -11"><span class='ocrx_word' id='word_1_222' title='bbox 121 2708 310 2749; x_wconf 84' lang='lat' dir='ltr'>praeterea</span> <span class='ocrx_word' id='word_1_223' title='bbox 326 2705 596 2749; x_wconf 83' lang='lat' dir='ltr'>Epigrammata</span> <span class='ocrx_word' id='word_1_224' title='bbox 616 2705 794 2748; x_wconf 80' lang='lat' dir='ltr'>quaedam</span> <span class='ocrx_word' id='word_1_225' title='bbox 813 2703 1035 2738; x_wconf 63' lang='lat' dir='ltr'>selevtioraf‘</span> <span class='ocrx_word' id='word_1_226' title='bbox 1058 2702 1201 2747; x_wconf 73' lang='lat' dir='ltr'>Vegen:</span> <span class='ocrx_word' id='word_1_227' title='bbox 1225 2703 1425 2743; x_wconf 81' lang='lat' dir='ltr'>„Exeusum</span> <span class='ocrx_word' id='word_1_228' title='bbox 1444 2704 1606 2738; x_wconf 84' lang='lat' dir='ltr'>Viennae</span> 
     </span>
     <span class='ocr_line' id='line_1_34' title="bbox 121 2762 1607 2807; baseline -0.001 -9"><span class='ocrx_word' id='word_1_229' title='bbox 121 2764 292 2798; x_wconf 85' lang='lat' dir='ltr'>Austriae</span> <span class='ocrx_word' id='word_1_230' title='bbox 317 2774 382 2807; x_wconf 88' lang='lat' dir='ltr'>per</span> <span class='ocrx_word' id='word_1_231' title='bbox 399 2764 570 2798; x_wconf 84' lang='lat' dir='ltr'>Ioannem</span> <span class='ocrx_word' id='word_1_232' title='bbox 590 2763 827 2807; x_wconf 85' lang='lat' dir='ltr'>Singrenium.</span> <span class='ocrx_word' id='word_1_233' title='bbox 855 2763 962 2796; x_wconf 88' lang='lat' dir='ltr'>Anno</span> <span class='ocrx_word' id='word_1_234' title='bbox 984 2766 1051 2797; x_wconf 74' lang='lat' dir='ltr'>ete.</span> <span class='ocrx_word' id='word_1_235' title='bbox 1078 2763 1121 2796; x_wconf 90' lang='lat' dir='ltr'>M.</span> <span class='ocrx_word' id='word_1_236' title='bbox 1137 2762 1178 2796; x_wconf 92' lang='lat' dir='ltr'>D.</span> <span class='ocrx_word' id='word_1_237' title='bbox 1194 2762 1354 2796; x_wconf 88' lang='lat' dir='ltr'>XXVIII.</span> <span class='ocrx_word' id='word_1_238' title='bbox 1383 2762 1471 2796; x_wconf 86' lang='lat' dir='ltr'>Cum</span> <span class='ocrx_word' id='word_1_239' title='bbox 1490 2763 1607 2807; x_wconf 79' lang='lat' dir='ltr'>gratia</span> 
     </span>
     <span class='ocr_line' id='line_1_35' title="bbox 123 2820 1606 2868; baseline -0.002 -10"><span class='ocrx_word' id='word_1_240' title='bbox 123 2827 159 2858; x_wconf 90' lang='lat' dir='ltr'>et</span> <span class='ocrx_word' id='word_1_241' title='bbox 176 2823 364 2868; x_wconf 89' lang='lat' dir='ltr'>privilegio</span> <span class='ocrx_word' id='word_1_242' title='bbox 391 2824 529 2868; x_wconf 85' lang='lat' dir='ltr'>Regiae</span> <span class='ocrx_word' id='word_1_243' title='bbox 555 2823 787 2857; x_wconf 66' lang='lat' dir='ltr'>Maiestatisf‘</span> <span class='ocrx_word' id='word_1_244' title='bbox 818 2824 851 2856; x_wconf 89' lang='lat' dir='ltr'><strong>A</strong></span> <span class='ocrx_word' id='word_1_245' title='bbox 868 2823 947 2857; x_wconf 81' lang='lat' dir='ltr'>sent</span> <span class='ocrx_word' id='word_1_246' title='bbox 970 2822 1110 2856; x_wconf 77' lang='lat' dir='ltr'>kozlott</span> <span class='ocrx_word' id='word_1_247' title='bbox 1136 2820 1199 2856; x_wconf 79' lang='lat' dir='ltr'>ket</span> <span class='ocrx_word' id='word_1_248' title='bbox 1226 2820 1453 2866; x_wconf 77' lang='lat' dir='ltr'>koltemenyt</span> <span class='ocrx_word' id='word_1_249' title='bbox 1480 2822 1606 2856; x_wconf 84' lang='lat' dir='ltr'>ko‘veti</span> 
     </span>
     <span class='ocr_line' id='line_1_36' title="bbox 121 2881 976 2927; baseline -0.001 -11"><span class='ocrx_word' id='word_1_250' title='bbox 121 2881 219 2927; x_wconf 80' lang='lat' dir='ltr'>negy</span> <span class='ocrx_word' id='word_1_251' title='bbox 244 2883 385 2926; x_wconf 77' lang='lat' dir='ltr'>,inclyti</span> <span class='ocrx_word' id='word_1_252' title='bbox 410 2883 523 2926; x_wconf 83' lang='lat' dir='ltr'>Regis</span> <span class='ocrx_word' id='word_1_253' title='bbox 549 2883 739 2916; x_wconf 85' lang='lat' dir='ltr'>Ludovioii</span> <span class='ocrx_word' id='word_1_254' title='bbox 767 2882 976 2926; x_wconf 77' lang='lat' dir='ltr'>epitaphia‘.</span> 
     </span>
    </p>
   </div>
  </div>
 </body>
</html>
