1919 3273
1462 152 1531 185 405

295 359 524 396 Pacificus
551 359 782 396 Maximus
808 359 989 406 Matyas
1013 360 1263 408 kiralyhoz.
1281 362 1291 381 ¹

200 468 272 510 Ad
302 468 518 510 Mathiam
547 468 809 511 Pannoniae
840 469 995 524 Reqem
1031 469 1390 513 Sacrattssz'mum.

171 577 263 618 Hoc
296 576 500 630 quidquid
531 577 666 618 libelli
698 582 776 629 est,
823 577 1150 620 Sacratissimae
1186 579 1401 620 Maiestati
1433 584 1532 620 tuae

54 648 204 690 dicavi.
238 647 333 689 Non
367 661 459 688 sum
488 647 682 696 Albinus,
717 648 818 701 quid
851 649 961 691 enim
983 650 1129 703 inepte
1163 663 1272 703 quae
1292 649 1384 691 fieri
1404 650 1531 701 volui,

54 732 260 760 excusare
287 717 511 759 laborem?
544 718 698 772 Elegia
721 726 800 770 est⁷
834 724 876 760 et
900 720 1115 761 mollicula
1138 721 1333 773 quidem;
1366 720 1474 762 ludit
1493 726 1534 761 et

54 790 179 831 solita
209 791 472 844 procacitate
504 790 688 841 lascivit,
717 790 841 842 ridet,
874 791 1027 844 plorat,
1060 791 1221 844 gaudet
1250 798 1291 833 et
1319 792 1532 842 tristatur;

54 861 271 902 saeculum
315 867 458 901 tamen
502 861 663 902 mellito
706 861 807 902 felle
850 861 1083 903 demordet.
1132 862 1280 903 Habes
1312 863 1531 913 Platones⁷

53 932 306 973 Aristoteles
330 938 372 973 et
393 931 750 986 philosophantes
771 933 929 986 plures,
955 933 1032 974 sed
1053 933 1113 974 illi
1130 933 1262 975 vitam
1285 939 1327 974 et
1348 934 1533 975 animum

54 1003 311 1057 quandoque
334 1003 621 1056 restringunt3
657 1017 737 1056 ego
761 1016 862 1045 vero
896 1002 1009 1057 (lege
1030 1001 1116 1058 me)
1148 1004 1308 1055 relaxo,
1340 1010 1382 1045 et
1401 1017 1532 1057 ango-

53 1089 154 1127 rem,
188 1080 230 1115 et
261 1074 389 1116 bilem
420 1074 642 1116 intercido.
689 1074 794 1116 Vive
826 1075 965 1115 laetus
999 1081 1040 1116 et
1073 1075 1203 1116 vitam
1236 1089 1343 1116 arna.

1024 1157 1238 1209 Pacificas
1270 1158 1330 1198 M.
1364 1157 1415 1199 A.

53 1354 211 1391 Oratio
249 1353 299 1389 in
324 1353 667 1390 introductione
702 1365 756 1391 ac
783 1354 1107 1391 installatione
1140 1354 1536 1391 Reverendissimi

51 1419 338 1467 Amplissimi
352 1419 538 1456 Domini
552 1420 604 1455 D.
619 1420 904 1467 Wolffgangi
923 1420 1135 1466 Gyuulay
1147 1420 1365 1467 Episcopi
1383 1421 1533 1456 almae

51 1485 293 1521 Ecclesiae
309 1485 630 1532 Zagrabiensis
647 1484 919 1532 dignissimi.
935 1485 1112 1521 Ibidem
1126 1486 1176 1521 in
1187 1486 1358 1532 templo
1375 1486 1534 1522 Cathe-

52 1550 169 1587 drali
187 1562 270 1597 per
290 1550 613 1587 Reverendiss.
635 1561 689 1587 ac
713 1550 931 1587 eximium
949 1551 998 1586 D.
1017 1551 1214 1587 Paulum
1237 1553 1287 1587 D.
1307 1551 1357 1586 D.
1377 1551 1534 1588 Lecto-

52 1626 158 1660 rem,
175 1615 470 1659 canonicum,
487 1627 541 1652 ac
553 1616 790 1653 Vicarium
805 1616 1015 1653 eiusdem
1032 1617 1256 1652 ecclesiae
1273 1616 1532 1662 zagrabicn.

53 1683 136 1717 etc.
152 1680 203 1718 in
216 1683 420 1718 maxima
435 1682 799 1719 doctissimorum
812 1682 1015 1718 virorum
1030 1692 1084 1718 ac
1099 1681 1374 1728 optimatum
1383 1682 1536 1728 Regni

53 1746 327 1784 Sclavoniae
344 1757 513 1783 corona
526 1748 774 1795 populique
789 1747 1055 1795 frequentia
1069 1747 1239 1783 habita.
1258 1747 1345 1784 An.
1360 1746 1535 1784 Salutis

381 1813 567 1848 nostrae
598 1813 711 1848 1549
741 1811 816 1848 die
844 1815 902 1850 24
927 1812 1178 1848 Februarii.
1194 1814 1205 1832 2

169 1949 178 1958 .
211 1950 218 1957 .
250 1951 256 1958 .
284 1917 421 1959 Natus
462 1931 508 1959 es
548 1916 751 1971 (Gyulay)
792 1918 923 1959 nobili
962 1917 1199 1970 eademque
1238 1930 1452 1971 generosa
1494 1924 1536 1958 et

50 1988 197 2030 inclita
230 1989 444 2043 prosapia,
490 1989 575 2029 iam
608 2002 633 2029 a
665 2002 797 2042 puero
830 1989 1109 2029 nobilissimis
1154 1988 1208 2029 ad
1243 2001 1410 2029 omnem
1445 1988 1534 2042 pie-

51 2066 181 2101 tatem
228 2066 269 2101 et
313 2060 513 2101 virtutem
559 2060 762 2102 doctrinis
806 2060 1037 2110 institutus,
1082 2073 1167 2100 non
1199 2066 1242 2100 te
1274 2060 1403 2111 luxui,
1449 2073 1534 2100 non

50 2131 243 2183 inertiae,
288 2145 374 2172 non
405 2131 719 2185 intempestivis
756 2131 961 2173 conviviis
995 2137 1066 2171 aut
1098 2131 1404 2184 potationibus,
1451 2144 1536 2172 non

52 2203 188 2254 aleae,
210 2216 294 2244 non
317 2203 501 2256 denique
525 2203 620 2244 aliis
642 2202 886 2243 huiusmodi
917 2202 1211 2255 voluptatibus
1245 2208 1287 2242 et
1318 2202 1535 2243 illecebris

52 2273 210 2316 dedisti
243 2274 611 2328 corrumpendum,
646 2274 723 2315 sed
756 2279 802 2314 ut
833 2273 1010 2327 primum
1037 2286 1089 2313 ex
1110 2272 1290 2326 ephebis
1315 2306 1324 2314 .
1350 2304 1358 2312 .
1380 2304 1386 2310 .
1406 2278 1535 2325 atque

53 2358 106 2385 ex
122 2345 189 2386 his
205 2345 371 2396 studiis,
391 2346 545 2398 quibus
558 2345 633 2386 illa
648 2351 769 2386 aetas
787 2344 843 2386 ad
857 2345 1164 2385 humanitatem
1178 2343 1398 2384 informari
1413 2344 1535 2395 solet,

171 2507 181 2527 ¹
209 2508 388 2544 Pacificus
414 2510 589 2543 Maximus
616 2507 1005 2553 Hecatclegiumjanak
1031 2506 1264 2551 dedicatioja,
1295 2506 1316 2539 l.
1349 2505 1535 2547 „Carmina

51 2568 208 2608 Pacifici,
248 2568 391 2602 Maximi
415 2569 552 2603 Poetae
579 2567 789 2608 Asculani“‚
828 2567 957 2601 Parma
984 2566 1096 2606 1691„
1136 2566 1232 2609 mely
1263 2565 1467 2599 kiadasban
1494 2575 1535 2598 az

52 2627 340 2662 obscoenitasok
378 2628 415 2661 ki
441 2628 587 2661 vannak
625 2627 864 2661 kuszo'bolve.
915 2626 953 2659 P.
985 2625 1160 2659 Maximus
1204 2624 1427 2668 „Elegiarum
1454 2624 1534 2657 libri

52 2686 254 2731 viginti“-je
293 2687 494 2731 megjelent
519 2685 603 2731 meg
629 2687 833 2720 Florentiae
861 2695 940 2719 ann.
974 2685 1062 2717 1489
1091 2684 1211 2717 idibus
1238 2684 1444 2717 novembris
1471 2693 1535 2726 per

53 2746 253 2780 Antonium
278 2746 554 2780 Mischovimum
581 2745 620 2780 es
646 2745 834 2780 Bononiae
863 2744 963 2777 1523.

171 2805 183 2823 ²
210 2805 245 2839 A
271 2806 425 2849 czimlap
445 2805 566 2850 aljan:
597 2805 779 2847 „Viennae
806 2804 977 2838 Austriac
1004 2803 1159 2837 Ioannes
1182 2802 1299 2837 Carbo
1327 2805 1364 2836 et
1380 2801 1534 2845 Egidius

53 2864 188 2908 Aquila
217 2865 430 2899 excudebat.
459 2865 566 2899 Anno
594 2865 716 2898 1549.“
758 2863 909 2897 Bo'vebb
935 2862 1083 2896 leirasat
1109 2862 1193 2906 adja
1230 2861 1405 2905 Kemeny,
1431 2860 1536 2894 Kala-

54 2924 195 2965 szatok,
220 2935 255 2968 p.
283 2925 351 2966 53.‚
379 2925 435 2959 54.
