1919 3273
1556 118 1628 151 443

189 299 262 335 IV.
291 299 445 336 Sixtus
470 300 594 347 papa
627 300 795 337 Kassai
820 301 1011 338 Miklcst
1036 302 1302 339 haereticae
1329 304 1578 350 pravitatis

565 365 906 413 inquisitornak
932 367 1095 403 nevezi
1121 367 1199 403 kil

259 470 403 512 Sixtus
434 471 678 525 Episcopus
712 477 791 512 etc.
823 471 1006 512 Delecto
1039 472 1124 513 filio
1164 473 1341 514 Nicolao
1374 473 1539 527 Ignacii
1572 474 1627 516 de

141 541 349 583 Oassovia
381 541 540 582 ordinis
572 541 748 582 fratrum
794 541 1138 595 praedicatorum
1173 550 1215 583 et
1246 543 1493 598 theologiae
1529 559 1624 600 pro-

139 612 309 663 fessori,
356 612 538 653 salutem
573 618 653 654 etc.
704 612 942 666 Religionis
976 614 1106 665 zelus,
1152 614 1389 656 litterarum
1430 616 1626 668 scientia,

138 683 251 724 vitae
283 684 522 736 integritas,
558 689 600 724 et
632 683 733 724 fidei
766 685 1021 732 constantia,
1053 685 1222 737 aliaque
1260 686 1496 727 laudabilia
1528 701 1624 741 pro-

137 754 282 795 bitatis
307 760 348 795 et
370 754 570 795 virtutum
593 755 756 805 merita,
787 754 940 807 quibus
970 768 1200 808 personam
1228 763 1343 797 tuam
1367 757 1451 798 fide
1476 757 1625 811 digno-

137 838 228 866 rum
260 825 515 866 testimoniis
548 825 742 867 novimus
763 825 1026 879 insignitam,
1060 827 1208 868 merito
1231 840 1309 868 nos
1335 828 1555 880 inducunt,
1579 834 1628 870 ut

136 896 211 936 illa
243 896 319 937 tibi
352 896 678 947 committamUS,
711 910 789 950 per
822 910 931 949 quae
966 897 1231 939 orthodoxae
1264 898 1365 939 fidei
1385 897 1559 952 (lumen)
1584 905 1627 941 ct

137 967 364 1008 haeresum
398 972 440 1007 et
473 980 659 1008 errorum
695 968 921 1021 extirpatio
956 969 1075 1009 iuxta
1109 969 1249 1010 cordis
1284 970 1418 1010 nostri
1455 970 1627 1012 deside-

136 1038 243 1078 rium
275 1039 420 1079 valeat
452 1039 687 1092 provenire.
723 1038 828 1079 Cum
854 1039 999 1091 itaque
1033 1053 1110 1093 per
1142 1040 1337 1093 Regnum
1362 1041 1625 1094 Hungariae⁷

137 1109 179 1149 in
227 1122 308 1161 quo
355 1109 460 1163 proh
500 1109 621 1150 dolor
652 1107 696 1162 (l)
740 1109 859 1150 multi
905 1123 1070 1151 errores
1116 1110 1409 1164 haeresesque
1457 1113 1625 1154 occulte

137 1180 284 1233 vigere
306 1186 348 1222 et
369 1181 569 1221 continuo
600 1181 812 1234 pullulare
837 1194 969 1234 saepe
991 1194 1166 1222 numero
1191 1181 1324 1222 auditi
1347 1189 1457 1233 sunt,
1482 1184 1626 1224 nullus

136 1251 195 1292 ibi
226 1251 474 1293 haereticae
506 1251 732 1306 pravitatis
759 1252 985 1304 inquisitor
1008 1253 1176 1300 existat,
1212 1266 1289 1294 nos
1320 1254 1558 1307 cupientes,
1580 1261 1626 1295 ut

138 1335 303 1363 errores
336 1329 378 1363 et
411 1322 616 1363 haereses
649 1323 893 1364 huiusmodi
925 1324 1095 1377 penitus
1129 1325 1404 1377 extirpentur,
1440 1338 1491 1366 ac
1524 1324 1627 1366 fidei

137 1392 385 1446 praedictae
429 1394 572 1434 lumen
604 1394 647 1434 in
679 1394 763 1435 illis
796 1394 989 1448 partibus
1034 1395 1172 1448 magis
1207 1396 1438 1446 elucescat,
1480 1404 1535 1447 te,
1571 1397 1625 1438 de

137 1465 257 1506 cuius
302 1477 409 1505 sana
453 1464 661 1516 doctrina,
696 1465 902 1518 singulari
937 1466 1105 1519 eloquio
1146 1473 1188 1506 et
1221 1466 1321 1507 fidei
1367 1468 1624 1520 constantia,

137 1535 315 1588 aliisque
348 1535 627 1589 multiplicum
660 1536 861 1577 virtutum
895 1536 1017 1577 donis
1050 1537 1220 1590 plenam
1254 1537 1295 1577 in
1327 1537 1495 1578 domino
1518 1537 1624 1579 fidu-

138 1606 246 1647 ciam
267 1606 521 1658 obtinemus,
546 1607 789 1648 huiusmodi
811 1607 1056 1648 haereticae
1080 1608 1302 1661 pravitatis
1329 1608 1622 1660 inquisitorem

136 1691 214 1731 per
257 1683 390 1719 totum
434 1678 629 1732 Regnum
675 1692 727 1719 ac
770 1679 1016 1720 universum
1062 1678 1275 1719 dominum
1323 1678 1542 1720 Carissimi
1581 1680 1623 1720 in

138 1748 306 1790 Christo
352 1749 427 1790 filii
470 1751 604 1791 nostri
649 1750 780 1803 Regis
824 1750 1070 1802 Hungariae
1104 1749 1376 1799 instituimus,
1412 1763 1464 1791 ac
1497 1751 1626 1791 etiam

137 1820 407 1874 deputamus,
441 1821 603 1873 tibique
627 1827 775 1863 contra
802 1834 950 1862 omnes
973 1826 1014 1861 et
1037 1820 1229 1872 singulos
1252 1820 1418 1860 illarum
1441 1820 1625 1874 partium

136 1891 379 1933 haereticos
413 1899 454 1933 et
488 1892 757 1933 scismaticos
789 1891 1033 1944 inquirendi
1067 1898 1107 1932 et
1130 1891 1408 1945 procedendi,
1442 1892 1626 1944 illosque

136 1962 338 2015 capiendi
371 1968 414 2003 et
444 1962 741 2004 incarcerandi
774 1976 824 2003 ac
854 1962 1072 2015 puniendi,
1108 1962 1333 2014 omniaque
1363 1962 1447 2003 alia
1477 1969 1517 2003 et
1543 1964 1627 2004 sin-

135 2033 237 2086 gula
281 2046 391 2086 quae
426 2033 481 2075 ad
514 2033 700 2074 officium
732 2033 1019 2086 inquisitionis
1065 2032 1307 2073 huiusmodi
1347 2032 1399 2074 de
1433 2033 1522 2075 iure
1556 2034 1627 2075 vel

136 2103 189 2144 de
223 2104 532 2145 cousuetudine
567 2118 644 2145 seu
677 2105 785 2145 alias
820 2103 1139 2157 quomodolibet
1161 2104 1388 2157 pertinent,
1421 2104 1625 2156 faciendi,

136 2175 379 2225 exercendi,
406 2175 649 2228 exequendi
670 2182 711 2216 et
736 2174 1009 2216 commitendi
1032 2175 1203 2228 plenam
1225 2182 1266 2215 et
1284 2174 1461 2215 liberam
1480 2181 1625 2217 aucto-

135 2246 260 2286 ritate
290 2246 527 2300 apostolica
553 2253 701 2287 tenore
732 2245 1026 2299 praesentium
1056 2245 1330 2286 concedimus
1360 2245 1623 2288 facultatem.

134 2317 189 2357 Et
231 2316 407 2370 insuper
450 2322 492 2357 te
526 2318 773 2370 generalem
818 2316 1081 2370 apostolicae
1125 2316 1241 2357 sedis
1282 2316 1623 2369 praedicatorem

134 2387 177 2428 in
212 2387 373 2428 eisdem
408 2388 557 2441 Regno
597 2395 725 2440 atque
762 2387 946 2428 dominio
991 2387 1239 2440 Hungariae
1285 2387 1538 2428 auctoritate
1583 2394 1624 2428 et

133 2464 281 2499 tenore
303 2459 511 2512 praefatis
546 2459 841 2502 constituimus
866 2464 907 2498 et
933 2457 1202 2511 deputamus,
1237 2457 1312 2497 tibi
1344 2457 1519 2498 verbum
1554 2458 1624 2499 dei

134 2529 177 2570 in
211 2535 252 2570 et
286 2529 363 2570 sub
397 2530 547 2583 Regno
581 2537 623 2571 et
652 2530 850 2571 universo
882 2529 1050 2570 domino
1080 2528 1182 2569 dicti
1209 2528 1339 2581 Regis
1360 2528 1622 2582 Hungariae,

136 2600 264 2641 etiam
310 2606 458 2642 contra
502 2601 759 2651 haereticos,
806 2600 1074 2641 scismaticos
1122 2605 1163 2640 et
1208 2599 1395 2652 perfidos
1428 2599 1624 2641 Turchos

256 2773 265 2793 ¹
305 2775 486 2809 Theiner:
530 2775 663 2810 Vetera
705 2775 936 2809 Monumenta
980 2773 1162 2806 Historica
1208 2773 1430 2817 Hungariam
1476 2774 1622 2808 Sacram

134 2833 365 2868 Illustrantia.
404 2834 553 2876 Romae,
581 2835 682 2868 1860.
710 2834 751 2867 II.
779 2844 813 2876 p.
840 2833 918 2866 487.
963 2832 1034 2873 „Ex
1060 2832 1149 2876 Reg.
1178 2833 1289 2876 orig.“
1330 2833 1399 2866 An.
1426 2832 1519 2867 XIII.
1548 2833 1620 2867 bul.

134 2892 206 2927 div.
233 2893 294 2927 lib.
321 2893 447 2927 XVIII.
474 2893 537 2927 fol.
565 2894 644 2927 325.
