1955 3278
1505 126 1571 159 177

90 271 145 311 ab
177 269 457 311 infoelicitate
492 269 679 310 humana
712 274 753 310 et
785 275 847 309 tot
879 269 1078 322 periculis
1112 282 1251 310 rerum
1281 269 1574 320 humanarum,

91 354 202 394 quae
236 354 288 381 ex
322 340 419 381 vino
457 346 501 381 ut
528 339 752 394 plurimum
786 339 956 381 evenire
985 340 1136 389 solent,
1171 340 1341 394 penitus
1368 340 1577 381 immunes

89 410 359 453 reddiderit?
395 411 518 461 Quod
552 411 588 452 si
621 410 805 463 denique
839 424 993 463 aquam
1026 411 1299 464 praetulerim
1326 411 1438 462 vino,
1473 424 1574 452 6006

90 481 214 523 vides
247 494 374 534 quam
407 487 580 536 praeter
612 481 893 521 temeritatem
925 481 1022 532 feci,
1064 487 1105 521 et
1139 481 1290 534 quibus
1324 482 1576 523 testimoniis

91 553 314 608 opiniones
351 566 470 593 meas
503 552 771 593 firmaverim.
822 551 946 601 Quod
979 553 1014 592 si
1046 566 1191 593 verum
1230 552 1315 592 dixi
1349 552 1462 604 quod
1494 553 1575 593 for-

90 623 220 665 tassis
254 622 494 676 displiceat,
540 636 623 664 non
656 623 759 663 mihi
790 623 988 677 imputes,
1033 622 1112 663 sed
1145 623 1348 663 materiae
1388 630 1430 663 et
1462 624 1574 675 vino,

89 694 160 746 qui
192 693 296 734 illud
341 707 420 734 nec
452 694 513 734 ita
545 694 872 747 vituperaverim
906 699 952 733 ut
985 693 1232 742 abstemius,
1271 693 1383 745 quod
1417 694 1575 735 dudum

89 777 321 806 conversus
360 764 561 806 confirmo
594 765 762 816 fratres,
783 760 784 763 ¹
809 771 854 805 ut
886 764 1055 805 modum
1090 770 1131 805 et
1164 764 1498 806 mediocritatem
1532 765 1575 805 in

88 834 277 877 bibendo
301 848 476 876 servare
501 835 650 877 sciant.
685 835 775 876 Nec
797 835 857 876 ita
878 835 1143 876 laudaverim
1168 841 1212 875 ut
1233 836 1301 876 vel
1327 835 1573 888 Scythisare

87 906 156 947 vel
189 906 447 948 Thracisare
480 906 642 956 videar⁷
676 912 880 959 tanquam
913 907 981 947 vel
1011 906 1092 947 hoc
1124 920 1200 960 pro
1224 906 1368 947 foelici
1391 906 1573 947 habeam

88 978 228 1018 omine
261 978 296 1018 si
328 978 462 1019 vestis
496 984 569 1018 aut
601 991 750 1018 mensa
786 977 858 1018 illo
892 977 1184 1031 perfundatur.
1230 977 1317 1018 Sed
1351 991 1573 1019 excessum

87 1049 128 1089 in
163 1061 213 1089 eo
246 1049 455 1102 vitupero,
490 1049 560 1101 qui
592 1049 871 1090 communiter
903 1062 956 1089 ex
989 1062 1040 1090 eo
1077 1048 1302 1102 provenire
1336 1049 1458 1099 solet,
1493 1049 1575 1091 hoc

87 1126 154 1161 est
185 1120 323 1173 ipsam
357 1120 608 1161 ebrietatem
642 1126 845 1172 tanquam
867 1120 1057 1161 fomitem
1081 1126 1122 1160 et
1145 1119 1365 1160 materiam
1390 1121 1573 1161 omnium

87 1191 295 1232 vitiorum.
331 1191 481 1232 Laudo
514 1197 656 1232 autem
691 1204 861 1245 semper
882 1191 924 1232 id
948 1191 1063 1243 quod
1084 1191 1195 1231 intra
1224 1191 1400 1231 rationis
1433 1191 1574 1231 termi-

86 1275 163 1303 nos
198 1263 399 1304 constitit.
436 1261 618 1311 Quando
653 1262 824 1315 quidem
858 1270 923 1303 est
949 1262 1101 1303 modus
1128 1262 1170 1303 in
1193 1261 1323 1303 rebus
1351 1268 1449 1303 sunt
1471 1263 1574 1303 certi

85 1333 271 1386 denique
294 1333 416 1375 fines.
453 1333 570 1383 Quos
599 1334 710 1374 ultra
742 1334 932 1387 citraque
963 1334 1109 1386 nequit
1133 1334 1368 1374 consistere
1397 1339 1571 1375 rectum.

85 1405 138 1445 Et
171 1404 284 1458 quod
318 1418 449 1445 aurea
494 1418 664 1459 semper
695 1406 737 1445 in
771 1405 966 1446 omnibus
999 1405 1128 1445 rebus
1173 1404 1384 1445 habeatur
1416 1404 1573 1445 medio-

86 1476 227 1517 critas.
262 1476 382 1517 Vale.

712 1534 947 1576 Peroratio.

203 1618 269 1659 Ad
301 1625 343 1660 te
376 1632 477 1660 vero
512 1619 846 1660 eminentissime
892 1619 1083 1659 Antistes
1115 1618 1199 1659 ista
1232 1617 1331 1659 dedi
1370 1623 1572 1670 tanquam

86 1689 142 1730 ad
174 1697 338 1743 patrem
373 1696 415 1731 et
448 1689 663 1731 dominum
695 1691 737 1731 in
771 1690 837 1731 his
869 1690 1054 1731 iudicem
1097 1696 1213 1730 tuam
1250 1688 1571 1743 amplitudinem

85 1774 170 1802 non
213 1761 274 1802 ita
318 1761 497 1815 eligens,
543 1768 588 1802 ut
620 1762 689 1804 vel
732 1762 875 1803 vinum
921 1761 1214 1803 condemnans
1259 1758 1388 1813 (quod
1426 1760 1572 1813 utique

84 1832 225 1873 nullus
257 1845 333 1886 pro
366 1838 457 1873 tota
501 1833 724 1887 Hungaria
756 1833 1043 1874 condemnare
1077 1829 1271 1885 auderet)
1317 1831 1387 1873 vel
1418 1844 1572 1884 aquam

84 1903 267 1945 laudans
312 1917 388 1958 pro
422 1917 488 1945 me
526 1910 730 1957 tanquam
774 1905 982 1945 violenter
1027 1903 1282 1944 sententiam
1326 1915 1570 1956 exposcam.

87 1974 174 2016 Sed
206 1980 251 2016 ut
282 1975 364 2029 ipsi
396 1975 567 2016 veritati
598 1975 658 2016 ita
690 1975 856 2025 faveas.
902 1988 986 2016 non
1020 1987 1314 2028 personarum,
1355 1974 1433 2015 sed
1467 1973 1572 2014 iudi-

85 2046 206 2087 cialis
241 2046 371 2088 officii
416 2046 627 2088 delectum
660 2046 841 2098 habens,
888 2045 1244 2099 quemadmodum
1284 2045 1442 2086 Darius
1475 2045 1571 2086 olim

84 2117 310 2158 Persarum
333 2131 421 2168 reX,
457 2117 528 2171 qui
558 2118 669 2159 inter
698 2123 784 2159 tres
807 2117 914 2171 regii
934 2117 1082 2158 lateris
1107 2116 1308 2158 custodes
1332 2116 1385 2158 de
1409 2117 1507 2158 vino
1532 2122 1573 2156 et

84 2189 266 2230 veritate
290 2189 604 2243 disceptantes:
638 2202 723 2230 non
746 2189 887 2231 vinum
911 2186 1052 2242 (prout
1074 2187 1393 2230 Ecclesiasticis
1414 2186 1571 2228 veteris

84 2260 332 2301 testamenti
376 2260 563 2301 historiis
611 2259 809 2313 habetur)
854 2260 1036 2306 veritati,
1086 2259 1163 2300 sed
1202 2259 1426 2301 veritatem
1472 2259 1571 2298 vino

84 2331 360 2384 praetulerat,
407 2344 517 2384 quae
551 2331 603 2373 de
637 2331 735 2373 vino
770 2331 915 2383 utique
949 2336 991 2372 et
1022 2330 1170 2371 fortior
1215 2335 1280 2370 est
1313 2335 1356 2370 et
1388 2328 1570 2381 dignior.

88 2401 226 2451 Quam
250 2403 387 2444 omnis
410 2410 524 2443 terra
542 2403 728 2454 invocat⁷
762 2402 927 2443 coelum
951 2401 1181 2451 benedicit,
1210 2407 1252 2441 et
1275 2400 1416 2441 omnia
1439 2411 1571 2452 opera

84 2480 270 2514 tremunt
315 2478 414 2515 ante
448 2473 602 2515 faciem
637 2474 741 2514 eius.
791 2474 838 2514 In
873 2486 957 2526 qua
988 2478 1033 2513 ut
1064 2472 1107 2512 in
1139 2472 1237 2513 vino
1272 2478 1313 2511 et
1346 2483 1439 2511 cum
1472 2469 1570 2510 vino

84 2545 191 2585 nihil
220 2545 410 2597 iniquum
444 2545 511 2596 sit⁷
544 2557 624 2586 nec
657 2544 771 2598 apud
804 2557 899 2585 eam
933 2543 987 2584 sit
1020 2543 1217 2596 accipere
1255 2554 1464 2595 personas
1498 2545 1571 2579 aut

85 2615 361 2657 differentias.
412 2615 501 2657 Sed
537 2628 647 2668 quae
692 2615 887 2656 omnibus
933 2614 1045 2667 quod
1078 2613 1191 2666 quod
1235 2613 1389 2653 iustum
1431 2617 1495 2651 est
1529 2616 1571 2650 et

85 2700 270 2740 aequum
302 2700 406 2740 pure
441 2693 483 2728 et
515 2687 764 2740 simpliciter
796 2686 954 2727 tribuat
987 2692 1029 2726 et
1062 2684 1342 2726 administret.

752 2756 895 2798 Finis.

203 2830 415 2882 Hagenau
449 2842 501 2870 ex
532 2828 768 2870 Academia
791 2828 983 2869 Thomae
1005 2827 1252 2869 Anschelmi
1274 2838 1421 2866 mense
1444 2823 1568 2865 Julio.

84 2901 207 2942 Anno
239 2900 472 2942 M.DXVII.

154 2990 180 3017 J.
196 2983 295 3017 Ana:
318 2992 477 3018 ANALI-:CTA
498 2999 584 3018 NovA.

1384 2976 1426 3009 12
