1955 3278
349 131 417 164 194

350 283 464 317 artes
497 274 654 316 diutius
686 275 961 316 immorentur
988 281 1030 316 et
1053 274 1359 329 propemodum
1383 275 1425 316 in
1448 274 1560 316 vado
1587 274 1840 327 consistant,

348 360 480 398 amas,
505 345 821 399 venerarisque.
856 345 1000 387 Taceo
1022 345 1189 387 interea
1209 345 1399 387 inclitam
1426 345 1570 400 stirpis
1603 351 1701 387 tuae
1735 358 1835 400 pro-

351 419 528 473 sapiam,
575 417 779 458 maiorum
825 424 989 459 tuorum
1037 417 1155 459 facta
1188 417 1377 471 egregia,
1419 417 1489 470 qui
1522 429 1692 471 semper
1724 415 1840 471 apud

349 503 476 543 reges
523 496 565 531 et
609 490 757 544 magni
800 489 982 530 nominis
1027 488 1141 530 viros
1185 489 1345 542 primas
1388 487 1516 530 facile
1553 488 1840 530 obtinuerunt.

351 561 471 611 Quae
505 568 620 603 certe
654 561 796 603 omnia
826 561 1040 615 proprium
1074 566 1290 602 merentur
1320 559 1485 601 librum.

397 759 595 806 Egregio
621 757 734 801 viro,
773 758 1100 804 Bonarumque
1135 756 1303 792 artium
1341 755 1547 802 apprime
1579 754 1793 798 studioso,

350 824 546 871 Georgio
587 823 766 865 Sereed,
806 820 1030 868 Agriensi
1071 820 1315 864 Canom'om
1349 820 1594 858 Udalricus
1627 820 1767 857 Fabri
1800 821 1842 858 S.

983 887 1210 933 exoptat.¹

468 995 614 1046 Recte,
648 1007 728 1035 nec
760 993 898 1034 minus
930 991 1163 1047 prudenter
1195 991 1318 1041 facis7
1352 991 1408 1032 mi
1441 990 1614 1045 Georgi,
1649 990 1761 1044 quod
1790 1003 1844 1032 ea

350 1066 618 1122 potissimum
652 1064 794 1106 studia
825 1069 1053 1117 tantopere
1088 1069 1129 1104 et
1164 1076 1273 1116 [luae
1307 1063 1375 1104 vel
1408 1062 1592 1103 maxima
1625 1069 1722 1103 sunt
1755 1075 1842 1103 am-

350 1136 580 1193 plectendo
616 1136 740 1178 simul
774 1133 1015 1185 contendis,
1062 1134 1276 1186 horasque
1309 1133 1352 1174 in
1385 1134 1467 1174 hiis
1499 1133 1605 1187 ipsis
1636 1132 1844 1187 impartiri

353 1209 513 1259 studes,
548 1222 599 1249 ac
626 1207 836 1249 collocare
870 1212 991 1246 tanta
1023 1205 1227 1259 temporis
1252 1205 1525 1259 parsimonia,
1560 1211 1606 1245 ut
1636 1217 1690 1245 ne
1724 1204 1843 1245 mini-

352 1294 464 1321 mum
498 1279 590 1320 eius
634 1285 840 1333 punctum
887 1277 992 1318 citra
1038 1276 1298 1330 singularem
1343 1276 1528 1329 aliquam
1567 1275 1735 1329 frugem
1766 1275 1844 1317 tibi

353 1351 467 1393 elabi
516 1351 732 1392 incassum
781 1356 856 1390 aut
904 1349 1081 1390 effluere
1131 1354 1270 1401 queat.
1335 1348 1488 1389 Studia
1534 1348 1708 1401 inquam
1755 1355 1841 1388 tum

353 1422 625 1475 eloquentiae
658 1428 745 1462 tum
779 1421 882 1461 iuris
914 1403 1049 1474 ipsius
1073 1453 1081 1462 .
1106 1455 1114 1462 .
1140 1454 1146 1461 .
1182 1420 1291 1462 Huic
1321 1417 1624 1474 [eloquentiae]
1661 1420 1697 1461 si
1730 1419 1844 1473 φιλο-

354 1496 509 1548 σοφίαν,
557 1506 665 1545 quae
712 1491 898 1533 omnium
943 1491 1257 1532 laudandarum
1303 1492 1454 1533 artium
1499 1491 1763 1546 procreatrix
1801 1497 1843 1532 et

354 1578 513 1620 parens
544 1565 623 1605 rite
652 1564 809 1616 existit,
843 1564 988 1605 debito
1021 1563 1147 1604 modo
1172 1563 1404 1614 addideris,
1439 1569 1525 1604 tum
1550 1562 1719 1604 demum
1741 1574 1843 1604 vero

354 1636 531 1678 rationis
564 1635 732 1676 tramite
766 1635 1000 1676 incessisse
1034 1634 1251 1681 videbere„
1288 1634 1445 1688 quippe
1467 1634 1576 1676 haec
1599 1634 1708 1675 alias
1732 1647 1843 1675 com-

355 1707 555 1762 plectitur
573 1706 836 1760 disciplinas,
854 1705 1217 1758 humanitatisque
1237 1705 1390 1752 studia,
1409 1706 1453 1746 in
1470 1705 1615 1759 primis
1635 1704 1842 1746 adsociat.

357 1779 444 1821 Sed
476 1778 586 1820 haec
618 1777 720 1819 alibi
766 1777 1094 1819 convenientius
1140 1776 1324 1818 dicenda
1355 1777 1542 1818 veniunt.
1587 1776 1652 1817 Tu
1689 1775 1844 1817 iccirco

356 1850 516 1903 Georgi
562 1863 612 1891 eo
647 1862 729 1902 quo
765 1848 947 1902 coepisti
990 1847 1219 1901 ingredere
1258 1847 1492 1901 proposito,
1526 1859 1844 1901 perseveraque

354 1923 397 1963 in
428 1922 553 1963 bonis
588 1920 752 1962 studiis.
790 1920 890 1961 Cum
921 1925 962 1960 et
989 1919 1118 1960 animi
1142 1932 1251 1971 quae
1275 1931 1377 1959 vera
1402 1918 1558 1970 iudico,
1583 1927 1625 1959 et
1646 1918 1844 1960 fortunae

355 1993 470 2034 bona
501 2005 638 2046 penes
667 2000 708 2033 te
734 1991 895 2032 affatim
923 1990 1204 2045 reperiantur,
1237 1989 1342 2030 illud
1363 1997 1507 2031 tamen
1530 1988 1843 2043 graecanicum,

355 2078 408 2105 ne
443 2078 526 2117 qua
559 2063 689 2105 animi
723 2063 909 2104 elatione
944 2061 1166 2115 superbire
1199 2061 1396 2114 incipias,
1432 2060 1545 2113 quod
1578 2061 1647 2101 vel
1674 2060 1845 2100 minime

356 2137 398 2176 in
421 2142 463 2176 te
486 2135 673 2175 futurum
694 2148 835 2188 spero,
857 2132 1038 2173 subinde
1063 2132 1288 2172 memorari
1308 2132 1480 2173 revolve
1514 2138 1655 2173 mente
1688 2130 1845 2172 vivaci-

358 2220 438 2259 que
473 2207 676 2247 memoria
708 2204 907 2246 recondi:

496 2298 520 2339 ἇ
542 2303 656 2351 γένος
680 2298 894 2352 ἀνδρώπων
913 2297 957 2353 (l)
978 2296 1297 2352 πολοδάκρῡτον,
1323 2295 1509 2344 ἀσθενὲς,
1546 2294 1716 2349 οἰκτρόν.

496 2369 722 2426 Σ·)ρόμενον
754 2371 860 2410 κατὰ
893 2375 968 2423 γῇς
1003 2367 1049 2422 (l)
1085 2370 1155 2407 καὶ
1189 2369 1465 2422 διαλυόμενον.

475 2480 634 2533 Accipe
656 2479 827 2519 iamiam
861 2478 971 2518 hanc
996 2488 1122 2528 quarn
1143 2481 1368 2530 tantopere
1393 2475 1645 2528 efflagitasti
1678 2474 1844 2516 Cicero-

358 2551 423 2591 nis
457 2551 691 2592 orationem
724 2551 984 2592 luculentam
1019 2559 1095 2601 pro
1129 2546 1175 2587 A.
1204 2547 1366 2589 Licinio
1400 2554 1542 2602 poeta,
1578 2559 1686 2598 quae
1720 2559 1844 2598 quam

478 2678 486 2697 ¹
514 2678 557 2711 M.
578 2679 617 2712 T.
646 2678 832 2712 Ciceronis
861 2678 981 2712 Oratio
1009 2678 1310 2718 luculentissima,
1348 2687 1455 2720 quam
1482 2686 1547 2719 pro
1582 2675 1678 2708 Aulo
1706 2673 1845 2708 Licinio

357 2741 468 2781 poeta
494 2738 630 2778 habuit,
670 2737 766 2772 unde
805 2740 841 2772 et
867 2748 999 2782 inagna
1037 2738 1208 2771 Poeticae
1247 2737 1326 2771 laus
1366 2737 1401 2770 in
1427 2736 1497 2770 hoc
1523 2735 1605 2778 ipsa
1643 2733 1848 2767 continetur

358 2798 541 2832 coloribus
568 2796 772 2831 Rhetoricis
799 2796 834 2829 in
861 2798 1023 2841 margine
1051 2807 1118 2831 suo
1145 2797 1226 2830 loco
1252 2797 1440 2840 eleganter
1459 2793 1671 2838 appositis.“
1701 2790 1844 2836 Vegen:

362 2856 542 2896 „Viennae
581 2856 791 2891 Pannoniae
830 2857 1046 2900 impressum
1099 2866 1163 2899 per
1215 2855 1394 2889 Joannem
1447 2853 1686 2897 Singrenium.
1737 2851 1846 2885 Anno

358 2915 600 2950 M.D.XVIII.“

1942 3147 1955 3278 —w-A-
1948 3083 1955 3135 n.—
