1955 3278
302 99 372 133 246

301 254 370 287 475

302 608 371 642 480

301 966 369 999 485

303 1322 372 1356 490

304 1680 372 1713 495

307 2037 374 2071 500

307 2394 374 2428 505

421 242 506 283 Arx
537 241 617 283 fuit
649 241 830 294 insignis
863 254 946 282 non
979 241 1100 295 parvi
1133 240 1292 282 vertice
1327 240 1493 289 montis,

480 313 571 354 Hoc
604 312 677 353 ubi
709 312 961 367 perspicuas
996 312 1170 353 devehit
1202 312 1345 353 Hister
1378 324 1525 363 aquas.

423 383 597 425 Artifica
630 383 757 425 valde
791 383 905 424 cultu
940 383 1202 425 celebranda
1236 382 1434 436 superbo,

480 457 566 495 Arx
599 460 844 496 constructa
877 468 1017 506 manu„
1052 454 1172 507 regia
1205 453 1350 507 digna,
1384 453 1482 494 Iovi.

427 526 548 576 Quae
581 532 699 567 tenet
734 533 901 567 erectas
935 525 989 567 ad
1024 525 1210 567 candida
1244 525 1401 579 sydera
1432 531 1584 573 turres,

481 597 558 638 Est
591 596 745 650 quibus
778 598 820 638 in
854 602 941 639 toto
975 597 1194 651 pulchrius
1229 597 1332 638 erbe
1365 596 1482 637 nihil.

425 669 627 711 Ardentis
662 669 871 722 siquidem
906 669 1171 710 candescunt
1203 668 1405 722 lampade
1440 667 1566 713 Solis,

482 741 594 782 Dum
627 740 830 782 Phoebus
863 740 1006 781 radios
1042 740 1206 794 spargit
1238 740 1280 780 in
1315 740 1417 781 orbe
1452 753 1552 781 suos

425 812 544 854 Sicut
577 813 688 853 enim
721 812 873 854 vitrum
906 812 1099 865 perlucet
1132 811 1233 852 solis
1267 811 1321 852 ab
1354 811 1453 863 ictu,

480 884 644 925 Taliter
677 890 718 924 et
752 889 889 924 turres
923 884 1013 924 sole
1047 883 1227 924 rubente
1261 882 1431 923 micant.

422 955 488 996 De
522 969 605 1007 qua
639 961 889 1008 spectantur
920 961 1101 1004 montes,
1135 956 1325 1008 foenilia,
1360 957 1521 1010 sylvae,

481 1026 719 1068 Umbrosae
752 1026 902 1077 valles⁷
936 1040 1111 1080 pascua⁷
1146 1034 1281 1082 prata,
1316 1029 1459 1082 tethys
1483 1026 1539 1082 (52)

422 1098 539 1138 Illius
572 1098 681 1138 atria
715 1104 812 1138 suut
845 1098 1075 1151 Phrygiisl
1111 1100 1293 1141 suffecta
1327 1099 1548 1144 columnis,

482 1169 600 1210 Illius
634 1175 762 1222 atque
796 1169 930 1210 aedes
963 1171 1117 1212 robora
1148 1171 1269 1212 firma
1302 1178 1460 1213 tenent.

422 1241 541 1281 Haec
574 1246 744 1294 poterat
777 1254 981 1294 superare
1016 1241 1187 1284 domum
1222 1243 1450 1284 Solominis
1484 1248 1646 1297 aperte,

485 1311 604 1361 Quae
638 1313 832 1365 quamvis
865 1312 1018 1365 fuerat,
1052 1314 1173 1367 regia
1205 1315 1311 1356 mira
1343 1315 1480 1356 nimis.

420 1383 511 1425 Illic
544 1384 769 1437 purpureis
803 1384 1030 1426 radiabant
1064 1386 1207 1440 ampla
1239 1386 1397 1440 tapetis

482 1455 613 1506 Atria,
649 1455 710 1496 sic
745 1456 948 1508 querulae
982 1457 1127 1498 limina
1159 1458 1261 1508 lata,
1295 1458 1424 1507 fores,

424 1526 563 1579 Atque
598 1527 774 1568 colorati
807 1528 931 1569 niveo
966 1528 1018 1569 de
1052 1542 1261 1570 marmore
1296 1536 1444 1583 postes

484 1598 780 1652 Splendebant
813 1599 984 1653 pariter,
1025 1599 1211 1641 daedala
1244 1607 1358 1642 tecta
1391 1600 1508 1647 tholi,

424 1669 501 1710 Ast
534 1671 647 1711 intus
680 1670 868 1725 pulchris
901 1671 1147 1713 habitacula
1179 1672 1293 1726 picta
1326 1671 1485 1725 figuris,

483 1742 864 1796 Transversaeque
898 1743 1056 1788 trabes,
1091 1744 1380 1798 purpureique
1413 1743 1535 1785 thori.

424 1813 477 1854 Et
510 1814 653 1868 paries
686 1814 818 1855 multa
851 1814 1078 1856 decoratus
1111 1815 1298 1868 imagine
1332 1816 1496 1858 fornax.

485 1884 605 1935 Quae
638 1885 780 1926 fuerat
813 1885 939 1927 docta
972 1887 1050 1927 rite
1084 1895 1261 1940 peracta
1293 1900 1434 1928 manu.

425 1956 678 1997 Pendebant
711 1963 856 1998 vestes
889 1957 1071 2010 fulgenti
1103 1958 1261 1999 murice
1294 1958 1467 2005 tinctae,

486 2027 775 2081 Splendentes
809 2029 964 2082 pallae,
1000 2029 1139 2070 serica
1170 2043 1320 2083 pensa*
1356 2029 1492 2070 simul.

426 2098 576 2140 Mensa
608 2106 762 2153 patens
796 2100 923 2141 etiam
958 2100 1061 2141 miro
1096 2100 1282 2142 candore
1315 2100 1492 2151 nitebat,

486 2170 606 2219 Quae
641 2171 781 2211 suerat
816 2171 943 2212 variis
978 2178 1068 2212 tota
1100 2171 1260 2212 referta
1292 2171 1426 2213 bonis.

428 2241 671 2295 Fulgebant
705 2242 832 2283 etiam
866 2242 1060 2293 triclinia,
1095 2256 1253 2295 magna
1285 2243 1492 2296 supelleX,

484 2314 623 2365 Atque
658 2313 925 2354 metalliferis
958 2326 1064 2354 vasa
1096 2314 1248 2359 recisa,
1283 2314 1408 2367 typis.

428 2384 610 2437 Pinguia
642 2391 882 2438 praeterea,
916 2384 1112 2426 fumosae
1146 2385 1332 2425 claustra
1365 2385 1564 2439 popinae⁷

483 2456 531 2496 In
565 2456 718 2508 quibus
753 2455 935 2497 affuerat
969 2457 1125 2496 multus
1159 2455 1289 2497 odore
1324 2456 1457 2497 cibus.

426 2527 648 2580 Multiplici
680 2526 851 2567 fuerant
884 2527 1059 2568 cellaria
1092 2527 1221 2580 plena
1253 2528 1430 2580 liquore.

484 2598 664 2652 Insuper
697 2604 740 2639 et
772 2598 899 2639 variis
935 2598 1074 2639 dulcia
1108 2601 1205 2638 vina
1241 2598 1373 2640 cadis.

426 2669 503 2710 Vel
536 2682 645 2721 quae
681 2669 807 2710 Creta
840 2670 962 2723 parit
997 2669 1065 2710 vel
1099 2668 1217 2710 Chia.
1253 2676 1325 2710 aut
1359 2670 1446 2710 alta
1480 2668 1650 2720 Veseni‚

486 2741 671 2781 Arbusta
705 2746 777 2780 aut
810 2740 947 2781 Rheni
980 2753 1113 2781 saxea
1146 2754 1243 2780 rura
1276 2741 1388 2792 vagi,

425 2812 503 2852 Vel
537 2825 646 2863 quae
681 2812 925 2864 Campanus
961 2818 1149 2851 mustoso
1185 2811 1291 2852 colle
1326 2810 1578 2859 Phalernus,

431 2903 439 2922 ¹
466 2904 621 2948 Phrigiis
650 2905 691 2937 A.
