1919 3273
1504 91 1573 125 487

88 313 366 366 Amplissimo
384 313 511 355 Pam·
533 318 569 355 et
587 313 769 363 domino,
794 314 851 356 D.
872 313 1106 357 Franciseo
1129 315 1350 368 Vardensi,
1367 315 1573 370 Episcopo

96 384 418 438 Transsylvano
445 384 709 439 diym'ssz'mo,
740 384 967 427 Adrianus
999 386 1265 438 Volphardus
1292 386 1573 441 Transsylva-

435 469 531 508 nus,
566 455 908 509 Protonotarz'us,
943 456 1195 509 felicitatem.
1216 456 1229 479 ¹

212 620 219 627 .
247 619 255 627 .
282 620 288 627 .
322 585 409 627 Sed
442 587 550 627 alias
575 586 628 627 de
651 586 732 637 his,
759 599 813 627 ne
837 586 1006 628 modum
1031 587 1214 628 excedat
1235 588 1431 641 epistola,
1462 587 1575 641 quic-

91 656 193 709 quid
227 657 334 698 scire
376 670 534 711 operae
567 658 748 710 pretium
781 657 920 708 fuerit,
966 659 1177 699 mansuris
1222 659 1355 699 literis
1400 658 1576 700 manda-

90 727 242 769 bimus.
276 728 324 768 In
356 728 603 781 praesentia
637 728 741 769 satis
776 729 828 770 sit
862 728 1075 770 Laconice
1108 729 1281 781 libasse,
1315 729 1487 771 relictos
1521 729 1574 770 ab

91 812 142 840 eo
191 798 556 852 Epigrammatum
601 799 746 850 libros,
791 800 981 853 Elegias,
1031 799 1271 853 Orationes,
1318 800 1485 854 Sylvas,
1535 806 1577 841 et

91 869 299 922 quosdam
343 869 562 910 Plutarchi
606 871 775 912 libellos
809 885 831 912 e
866 870 1031 912 Graeco
1063 872 1107 912 in
1142 871 1338 913 Latinum
1383 872 1575 922 tralatos,

91 953 197 993 quos
250 940 499 994 propediem
553 942 773 983 studiosae
818 942 1036 996 juventuti
1083 942 1400 984 emendatiores
1448 942 1575 984 edere

88 1011 345 1053 curabimus.
378 1011 548 1053 Interea
580 1013 693 1054 hunc
725 1014 1039 1067 Panegyricum
1073 1013 1126 1054 de
1148 1014 1362 1055 Marcellis
1385 1013 1575 1064 Venetis,

90 1095 218 1135 quem
242 1084 505 1135 convulsum,
536 1085 738 1134 lacerum,
771 1084 1036 1126 membratim
1060 1084 1316 1139 dispersum,
1341 1084 1423 1125 situ
1447 1085 1577 1125 carie-

92 1167 173 1207 que
218 1154 449 1196 obductum
496 1155 663 1208 collegi,
710 1155 785 1196 tibi
818 1156 1004 1196 omnium
1043 1155 1249 1196 bonorum
1288 1161 1480 1209 patrono,
1524 1154 1576 1196 de

88 1238 157 1266 me
203 1238 303 1267 vero
350 1225 508 1279 optime
555 1226 718 1275 merito,
759 1226 855 1279 jure
902 1227 1161 1279 aequissimo
1207 1226 1436 1267 dicandum
1479 1238 1576 1267 esse

91 1297 233 1337 statui.
283 1296 362 1338 Cui
395 1297 505 1338 enim
546 1298 669 1338 alteri
702 1298 780 1338 hos
814 1298 1213 1350 quantuloscunque
1245 1297 1430 1349 labores,
1471 1310 1577 1350 quos

92 1368 244 1409 studiis
277 1368 434 1422 legum,
476 1369 629 1421 quibus
662 1383 728 1409 me
761 1374 849 1410 toto
883 1375 1058 1423 pectore
1101 1368 1346 1410 incumbere
1391 1368 1577 1419 voluisti,

89 1438 315 1480 succisivis
338 1439 454 1480 horis
479 1439 729 1491 subductos,
762 1438 1090 1494 nuncuparem‘.>
1124 1439 1189 1480 Tu
1212 1452 1367 1480 nomen
1387 1445 1578 1480 nostrum

88 1511 133 1551 in
166 1511 308 1552 album
341 1511 402 1551 tui
435 1511 545 1552 sacri
578 1511 748 1564 collegii
780 1511 986 1560 retulisti3
1021 1517 1066 1551 tu
1100 1510 1334 1552 studiorum
1367 1516 1514 1552 auctor
1537 1516 1579 1551 et

92 1582 374 1624 certissimum
394 1582 638 1636 perfugium
661 1582 793 1633 fuisti,
817 1588 1019 1634 quantum
1043 1587 1184 1623 autem
1214 1581 1394 1635 expensi
1416 1581 1578 1631 tuleris,

92 1653 262 1706 quando
294 1659 456 1694 tantum
482 1653 558 1694 tibi
581 1653 750 1707 accepti
772 1653 982 1694 referetur
996 1652 1018 1692 ἶ)
1052 1653 1146 1693 Tua
1166 1653 1241 1694 illa
1263 1658 1329 1694 est
1351 1652 1579 1706 peculiaris

90 1724 395 1776 munificentia,
425 1737 509 1777 qua
543 1724 727 1765 omnium
759 1724 802 1764 in
831 1730 873 1765 te
911 1723 1053 1765 studia
1085 1723 1270 1765 maxima
1301 1723 1450 1765 vincis.
1491 1723 1585 1764 Tua

91 1795 344 1837 admiranda
376 1795 635 1845 humanitas,
681 1808 765 1847 qua
798 1795 1001 1835 mortales
1035 1807 1197 1845 omnes,
1236 1794 1364 1835 nullis
1396 1800 1584 1848 praeter-

90 1867 233 1909 missis
267 1866 433 1918 officiis‚
468 1866 716 1908 demereris.
751 1866 931 1907 Accedit
961 1866 1104 1914 etiam,
1129 1865 1244 1918 quod
1265 1865 1584 1907 lucubrationes

90 1938 303 1980 Pannonii
346 1939 552 1992 Episcopi
601 1937 887 1990 undecunque
936 1936 1185 1988 doctissimi,
1240 1936 1316 1977 tibi
1362 1936 1584 1977 Pannonio

89 2009 306 2064 Episcopo
351 2010 637 2059 meritissimo,
685 2009 903 2050 literarum
946 2008 1254 2058 amantissimo,
1301 2006 1584 2049 studiosorum

90 2081 347 2133 Maecenati,
364 2094 417 2122 ex
433 2080 731 2133 antiquissima
748 2080 1101 2132 nobilissimaque
1117 2078 1400 2119 Vardensium
1423 2077 1585 2119 familia

92 2152 284 2204 oriundo,
319 2165 428 2205 quae
462 2166 555 2193 cum
588 2151 661 2192 illo
694 2156 766 2192 tuo
800 2157 951 2205 patruo
986 2149 1221 2204 Stephano,
1262 2149 1510 2190 Colocensis
1543 2155 1584 2190 et

90 2222 348 2265 Bachiensis
379 2223 670 2265 Ecclesiarum
708 2222 1060 2275 Archiepiscopo,
1093 2221 1135 2262 in
1179 2220 1468 2262 Cardinalium
1510 2234 1584 2261 nu-

90 2308 251 2336 merum
285 2308 363 2336 sua
394 2295 550 2336 virtute
585 2294 735 2343 ascito,
770 2300 917 2334 nostra
949 2305 1050 2334 vero
1084 2292 1288 2333 memoria
1312 2304 1335 2332 e
1359 2291 1466 2333 vivis
1488 2291 1585 2333 sub-

90 2366 192 2417 lato,
226 2373 314 2407 tum
346 2366 539 2420 pluribus
575 2365 669 2406 aliis
703 2371 794 2405 arte
829 2363 1003 2405 militari
1036 2363 1176 2414 claris,
1210 2370 1339 2415 teque
1365 2363 1407 2403 in
1440 2362 1585 2416 primis

90 2436 316 2487 illustrata,
350 2437 499 2478 merito
533 2442 752 2478 voventur.
791 2435 917 2484 Quod
941 2434 1053 2475 enim
1087 2434 1223 2475 crucis
1244 2434 1413 2475 nomine
1435 2446 1586 2475 evoca-

89 2513 228 2549 torum
259 2508 375 2550 bella
407 2515 565 2562 pacata
599 2513 709 2559 sunt,
745 2506 858 2559 quod
891 2505 1024 2559 gladii
1058 2504 1111 2545 ab
1140 2505 1431 2545 innocentium
1454 2504 1586 2546 cervi-

91 2578 212 2621 cibus
234 2578 416 2633 depulsi,
443 2579 557 2632 quod
587 2577 746 2619 caedes
770 2577 972 2618 nobilium
1003 2589 1203 2626 aversae3
1239 2575 1352 2628 quod
1374 2575 1586 2629 pernicies

91 2650 277 2691 omnium
310 2650 539 2704 proborum
573 2649 723 2703 paucis
758 2654 857 2689 ante
896 2647 1019 2688 annis
1042 2653 1084 2688 te
1108 2653 1149 2687 et
1172 2646 1332 2688 Ioanne
1353 2646 1424 2687 illo
1448 2646 1586 2700 Zapo-

213 2811 222 2832 ¹
264 2813 373 2848 Ianus
416 2813 630 2847 Pannonius
668 2812 902 2846 Marcellusra
942 2812 987 2844 irt
1026 2808 1374 2853 panegyrikusanak
1417 2808 1587 2849 1522-iki,

96 2871 272 2917 bolognai
298 2872 454 2907 kiadasa
480 2871 641 2917 elejerol.
