1919 3273
1490 106 1559 139 413

224 248 434 298 Quattuor
467 261 489 289 e
524 248 660 301 captis
694 247 884 288 delectos
918 248 1102 290 millibus
1136 254 1178 289 et
1211 249 1247 290 si

282 318 355 359 Bis
390 318 473 359 duo
507 324 699 359 vectarat
730 318 814 358 iam
848 317 1079 371 decuplata
1112 319 1281 360 Charon

223 389 310 429 Arx
342 389 414 430 ubi
447 388 690 442 conspicuis
723 388 814 429 Rex
836 394 875 429 te
899 390 1056 430 eminet
1089 391 1265 443 auspice
1289 390 1416 431 muris

283 459 492 511 Vilnaque
528 459 605 500 sub
642 465 807 512 septem
839 465 957 500 recta
990 461 1125 501 trione
1160 461 1281 513 riget.

222 531 346 571 Nunc
378 531 466 571 Leo
495 529 594 570 dum
616 529 806 571 Medices
829 530 998 571 morbos
1022 532 1075 572 ab
1099 532 1281 573 ovilibus
1305 538 1420 573 arcet

281 601 334 642 Et
366 614 470 642 seno
503 600 713 641 decimum
747 602 934 641 continet
967 602 1068 643 orbe
1102 616 1274 655 gregem

224 671 307 721 Qui
338 677 464 713 vocat
496 671 654 712 affectu
686 678 727 712 te
762 671 817 712 ad
850 672 969 725 pacis
1001 672 1093 712 iura
1125 681 1305 726 paterno

285 741 479 796 Spondet
512 748 554 782 et
587 743 806 782 emeritam
839 742 931 783 Rex
962 743 1037 783 tibi
1070 757 1225 797 magne
1258 744 1403 785 rudem

223 812 363 854 Macte
397 812 535 853 animo
569 812 782 866 princeps⁷
817 814 932 854 nullo
967 814 1221 867 superabilis
1254 815 1377 856 hoste

284 884 320 924 It
353 884 420 925 cui
453 883 538 924 dux
570 883 715 935 virtus7
749 884 897 925 Nortia
932 884 1031 925 diva
1063 898 1219 936 comes7

228 954 385 1006 Vicisti‚
420 954 524 995 satis
557 960 635 1005 est,
671 954 914 1007 dominique
948 956 1166 1009 patrisque
1201 956 1354 1008 deique

285 1025 518 1066 Consilium
550 1025 684 1066 ducas
717 1039 801 1066 non
835 1026 911 1066 tibi
942 1034 1065 1080 turpe
1101 1027 1222 1079 sequi

224 1096 291 1137 Ad
324 1096 437 1149 quod
470 1096 531 1138 sic
562 1096 747 1148 facilem,
780 1097 853 1150 pia
875 1103 916 1137 te
940 1097 1043 1137 mihi
1062 1097 1236 1138 numina
1258 1098 1442 1139 reddant

284 1167 339 1209 Ut
371 1173 444 1208 tua
476 1168 567 1208 Rex
598 1173 734 1209 Vacuo
767 1174 958 1221 tempore
992 1168 1110 1209 facta
1142 1182 1294 1210 canam

226 1239 318 1280 Nec
350 1238 426 1279 tibi
457 1238 540 1279 vile
574 1246 690 1292 puta,
725 1239 837 1291 quod
870 1252 937 1279 me
970 1239 1204 1280 Ramnusia
1240 1240 1407 1294 pompis

282 1309 357 1350 Bis
391 1316 679 1363 spectatorem
712 1310 836 1351 iussit
869 1309 1025 1351 adesse
1061 1311 1158 1351 tuis.

228 1380 316 1422 Sed
338 1386 411 1421 tua
431 1394 507 1422 seu
530 1394 626 1422 mea
649 1394 740 1422 sors
763 1381 871 1422 haec
895 1387 960 1422 est
982 1382 1073 1422 Rex
1094 1382 1239 1432 Victor,
1263 1382 1306 1422 in
1327 1382 1406 1423 hos
1428 1388 1473 1422 ut

285 1452 523 1493 Inciderem
557 1458 672 1492 certe
706 1451 923 1493 divoluere
958 1452 1062 1493 dies.

229 1522 402 1564 Scilicet
436 1523 610 1576 egregie
644 1523 779 1576 gestis
812 1523 1006 1564 accessio
1040 1523 1168 1564 rebus

285 1594 353 1635 Me
384 1599 495 1635 teste
528 1600 574 1634 ut
605 1593 726 1635 fieret
758 1595 1132 1646 quantulacunque
1165 1594 1247 1634 tuis

226 1665 281 1706 Et
302 1664 388 1716 fiet,
422 1665 547 1706 modo
572 1664 685 1718 quod
708 1665 895 1718 gelidam
919 1665 1171 1706 meditamur
1193 1665 1249 1705 ad
1271 1666 1428 1706 Arcton

287 1736 495 1777 Maturum
528 1736 661 1777 radiis
692 1735 846 1777 reddet
877 1736 1030 1790 Apollo
1065 1737 1166 1778 suis.

228 1807 301 1849 Sic
331 1813 475 1848 tamen
495 1807 660 1848 interea
693 1807 801 1848 haec
834 1807 1092 1861 dispensans
1116 1807 1257 1849 omnia
1288 1808 1422 1848 Roma

287 1878 428 1928 Novit,
462 1883 507 1918 ut
537 1878 707 1931 ignoret
739 1878 880 1918 nullus
912 1878 955 1918 in
988 1878 1089 1918 orbe
1122 1879 1256 1919 locus.

228 1946 420 2003 Tempus
442 1949 520 1989 erit
542 1961 624 2001 quo
648 1962 714 1989 me
737 1962 931 2002 gemmas
954 1948 1079 1989 modo
1103 1949 1173 2001 qui
1197 1948 1269 1989 dat
1293 1953 1335 1989 et
1355 1961 1501 1989 aurum

289 2020 466 2061 Dicetur
497 2020 613 2061 fama
645 2026 756 2061 teste
789 2019 962 2061 dedisse
996 2020 1133 2059 minus

227 2091 348 2132 Tunc
372 2104 465 2132 cum
500 2091 577 2132 sed
601 2104 726 2145 spero
760 2104 939 2144 superos
961 2090 1223 2144 repetiveris.
1256 2090 1310 2131 Et
1333 2103 1425 2131 cum

286 2162 335 2203 In
366 2163 489 2204 terris
523 2162 576 2203 de
611 2168 651 2203 te
684 2162 743 2202 nil
774 2162 855 2203 nisi
888 2175 1042 2202 nomen
1076 2162 1166 2213 erit⁷

228 2233 300 2275 Sic
320 2240 466 2275 tamen
488 2240 664 2275 aeterno
688 2234 872 2283 celebro,
894 2240 982 2273 tum
1007 2246 1176 2286 semper
1198 2233 1383 2274 honore:
1420 2239 1463 2272 ut

286 2305 348 2345 Te
380 2304 483 2345 mihi
514 2304 580 2345 bis
616 2293 771 2345 cultum
805 2317 929 2344 nemo
962 2303 1096 2344 fuisse
1129 2310 1271 2356 neget.

226 2375 281 2416 Et
312 2389 424 2417 nunc
457 2375 555 2416 dum
590 2376 795 2416 aetherea
825 2375 917 2415 Rex
944 2375 1087 2416 inclite
1109 2374 1297 2415 vesceris
1318 2387 1423 2414 aura

288 2447 340 2487 Et
372 2451 473 2487 tunc
507 2459 600 2488 cum
635 2459 776 2487 sumes
809 2451 957 2486 nectar
990 2452 1031 2486 et
1064 2445 1331 2486 ambrosiam.
