1955 3278
348 105 419 141 304

346 544 414 577 245

347 898 417 933 250

348 1256 417 1288 255

353 2328 421 2361 270

355 2683 425 2718 275

497 249 617 299 Quae
651 249 788 291 cecini
823 249 1035 303 Cytherea
1066 249 1144 291 tibi
1177 250 1472 303 spectantibus
1505 251 1604 292 olim

498 321 695 363 Oelicolis
727 320 892 375 prefixa
925 321 1092 373 sedent,
1128 322 1265 362 celum
1299 335 1399 364 ecce
1433 322 1619 376 fatigant

495 392 622 433 Astra
639 406 777 434 meum
798 393 1053 446 speciesque
1072 406 1271 447 premens
1292 406 1399 447 opus
1418 406 1543 435 omne
1566 395 1746 436 recessit

494 463 599 504 Inde
632 477 781 515 novas,
815 470 934 505 tanto
969 463 1164 506 subsedit
1196 464 1386 517 pondere
1419 465 1546 506 tellus

495 535 548 574 Et
579 534 777 576 Phaeton
811 535 929 576 celsa
962 534 1110 576 sedem
1145 535 1225 576 sibi
1257 534 1444 576 reddidit
1478 549 1576 577 arce

496 605 689 647 Lunares
723 612 766 647 et
798 606 895 659 equi
928 607 1025 647 luca
1049 619 1130 647 nuc
1155 604 1200 659 (1)
1234 612 1411 647 tenuere
1447 619 1646 660 superna.

495 676 580 717 Par
612 676 690 718 erit
723 677 859 718 omnis
888 677 1036 727 honor,
1071 676 1209 718 donec
1234 690 1279 718 se
1303 677 1395 718 fata
1427 678 1645 719 resolvant

498 746 590 796 Que
612 748 792 801 primum
817 748 918 789 data
942 754 1115 802 sceptra
1137 749 1221 789 tuis
1245 756 1342 789 sunt
1364 749 1439 790 illa
1460 749 1675 790 Bohemis.

495 818 583 859 Iam
616 818 783 860 rediere
817 819 910 860 dies
944 832 1050 872 quos
1085 818 1244 860 dudum
1276 819 1412 860 Roma
1443 826 1630 861 moratur

496 890 709 943 Expectat
731 903 964 943 regemque
986 903 1107 931 suum
1131 890 1440 944 pulchrumque
1464 898 1666 945 nepotem

496 961 805 1012 Vuladislaum,
838 961 881 1002 in
905 961 972 1002 0111
994 961 1172 1015 pulchro
1198 968 1283 1002 stat
1307 974 1483 1015 corpore
1506 962 1650 1004 virtus.

497 1033 580 1073 Tot
611 1032 727 1074 miris
762 1045 973 1086 oppressa
1007 1032 1144 1073 modis
1178 1039 1220 1073 et
1253 1032 1395 1074 debile
1429 1046 1562 1086 regno

496 1104 684 1152 Externe
707 1102 897 1156 [induxit
913 1117 1070 1144 memus
1087 1102 1244 1156 recens]
1268 1103 1440 1144 tradent
1457 1110 1610 1157 gentes
1631 1104 1839 1158 legesque

496 1175 711 1229 Belligero
728 1175 926 1228 Phrigias
942 1175 1058 1217 urbis
1075 1188 1302 1228 moresque
1317 1175 1569 1229 rependent.
1608 1172 1840 1229 [docebunt

499 1245 587 1287 Sed
621 1246 796 1287 meliora
828 1247 973 1288 volent
1006 1247 1253 1299 maioraque
1287 1259 1465 1300 carpere
1499 1246 1651 1288 credes

498 1317 738 1371 Ungaricos
762 1317 841 1359 sub
864 1318 1025 1359 honore
1050 1318 1182 1359 duces
1205 1318 1482 1371 sobolemque
1505 1324 1719 1359 vetustam

498 1389 551 1429 Hi
584 1389 773 1443 cupiunt,
797 1396 839 1431 et
863 1403 1033 1444 semper
1056 1396 1198 1440 avent,
1221 1389 1482 1430 meditantur
1502 1397 1544 1430 et
1565 1388 1731 1440 ardent,

497 1460 695 1502 Tendere
727 1461 965 1515 laurigeros
998 1462 1136 1515 pubes
1169 1461 1364 1502 animosa
1396 1460 1646 1514 triumphos.

498 1532 590 1574 Hoc
621 1533 838 1586 proprium
871 1532 1070 1586 Phrygiis
1092 1532 1185 1581 fuit,
1219 1532 1263 1572 hi
1295 1532 1503 1573 Mavortia
1525 1538 1709 1585 gestant.

498 1603 682 1645 Pectora
714 1604 843 1645 laude
876 1603 955 1645 viri
987 1616 1203 1656 nunquam
1238 1608 1483 1645 saturantur
1515 1603 1643 1644 avita.

497 1676 576 1716 Est
607 1675 811 1729 placitum
843 1675 968 1716 nobis
1000 1680 1203 1716 nascetur
1235 1674 1398 1728 origine
1431 1674 1545 1728 regis

501 1746 708 1798 Cazimiri,
743 1752 888 1788 custos
922 1746 1031 1787 alius
1064 1747 1155 1788 Rex
1188 1747 1359 1788 inclitus
1393 1746 1510 1787 ausis

501 1818 590 1859 Nec
622 1817 758 1871 gestis
791 1830 871 1858 nec
902 1817 945 1857 in
978 1817 1080 1858 orbe
1113 1817 1225 1859 notis
1259 1831 1340 1870 quo
1375 1818 1527 1859 clarior
1560 1817 1687 1858 armis

500 1889 595 1930 Non
620 1889 699 1930 0111
723 1890 830 1930 alter
853 1902 1001 1942 eques,
1036 1889 1218 1943 sceptris
1242 1889 1533 1942 opulentaque
1557 1901 1714 1930 nomen

500 1960 647 2001 Tellus
683 1960 871 2002 divinum
905 1961 1047 2014 capiet
1079 1959 1278 2000 lustrabit
1312 1966 1353 2000 et
1387 1973 1484 2000 aras

500 2033 635 2074 Facta
666 2038 821 2086 potens
854 2032 1027 2073 nimium
1060 2032 1147 2072 lato
1183 2044 1311 2085 super
1345 2044 1502 2083 equore
1536 2031 1658 2072 terris

499 2104 666 2158 Nempe
699 2103 858 2154 Venus,
892 2103 1059 2157 peperit
1091 2103 1219 2143 tellus
1253 2101 1463 2143 ditissima
1495 2102 1624 2142 talem

502 2175 904 2228 Magnanimumque
939 2175 1087 2226 virum,
1121 2174 1237 2214 fama
1270 2174 1451 2215 certabit
1485 2173 1665 2227 Olympo

502 2247 581 2288 Hic
613 2247 813 2300 princeps
845 2246 1002 2286 maiore
1033 2245 1150 2286 tholo
1185 2245 1457 2287 venerandus
1481 2245 1534 2286 ab
1557 2245 1672 2286 orbe.

502 2318 592 2359 Nec
625 2324 670 2358 tu
702 2331 815 2359 vana
847 2323 971 2371 putes
1004 2316 1115 2359 votis
1147 2316 1422 2358 venerabitur
1453 2316 1535 2357 iste

503 2389 555 2429 Et
589 2388 736 2443 spoliis
773 2389 933 2429 Aurora
967 2388 1119 2429 ducem
1153 2387 1374 2428 decorabit
1407 2387 1560 2440 opimis

503 2460 788 2513 Ausoniisque
822 2460 946 2500 simul
979 2459 1102 2500 donis
1125 2458 1326 2499 hornabit
1347 2456 1391 2511 (1)
1415 2458 1643 2499 honustum
1668 2455 1710 2510 (1)

504 2531 731 2584 Tergaque
766 2530 922 2571 devicti
954 2529 1210 2571 monstrabit
1244 2528 1414 2570 Cesaris
1448 2529 1542 2570 urbi

504 2602 722 2651 Romulee,
758 2608 1048 2654 quantumque
1081 2606 1236 2654 potens
1260 2599 1527 2653 superaverit
1549 2600 1708 2640 hostes.

504 2674 610 2714 Post
644 2686 737 2714 cum
771 2674 906 2714 victor
939 2672 1017 2713 erit
1048 2671 1183 2725 partis
1218 2684 1270 2711 ex
1305 2670 1463 2719 Cesare
1496 2670 1594 2724 pilis

505 2745 687 2786 Claudet
706 2745 867 2798 templa
890 2757 987 2785 sera
1006 2743 1145 2797 rigida
1167 2756 1261 2784 cum
1285 2741 1471 2783 candida
1490 2741 1691 2795 princeps

505 2816 792 2870 Armipotens,
826 2816 1002 2868 Ianique
1035 2815 1151 2856 fores
1185 2813 1351 2855 custodi
1385 2819 1426 2854 et
1459 2825 1531 2853 ore

505 2887 742 2941 Multiplici,
777 2893 881 2928 nutu
913 2887 1087 2929 rabidas
1121 2885 1285 2926 arcebit
1318 2891 1360 2925 et
1391 2885 1488 2924 iras.
