1898 3278
1552 150 1595 183 17

110 296 366 350 scriptorum
398 302 671 336 monumenta
704 308 787 335 non
821 294 937 335 sinas
970 293 1142 334 interire
1165 299 1380 335 vetustate
1401 299 1444 334 et
1465 306 1593 335 novo-

112 380 202 408 rum
234 366 408 420 ingenia
442 366 603 407 excites
626 365 794 418 magnis
816 364 1046 419 propositis
1066 364 1268 418 praemiis
1289 370 1331 405 et
1352 364 1595 406 honoribus.

112 437 238 487 Quod
271 437 306 478 si
342 436 584 490 superiores
606 435 815 476 fecissent
835 448 975 488 regeS,
1009 447 1094 475 non
1116 440 1203 475 tam
1224 435 1342 475 multi
1365 435 1594 488 scriptores

113 507 280 549 nobiles
304 506 588 560 deperissent,
613 519 753 558 neque
775 511 862 546 tam
886 505 980 546 diu1
1014 505 1057 545 in
1081 505 1212 546 tantis
1238 505 1427 546 tenebris
1448 505 1594 547 huma-

113 577 290 619 nissima
335 576 476 618 studia
520 576 766 617 iacuissent.
816 576 880 616 Tu
925 589 1047 627 unus,
1092 575 1377 616 serenisseme
1421 589 1495 617 rex
1528 576 1595 617 his

113 647 292 689 turbidis
325 646 588 700 temporibus
630 646 842 693 affulsisti,
863 645 877 667 2
909 646 1232 698 Maiestatisque
1265 652 1362 687 tuae
1397 647 1595 700 splendo-

112 732 202 759 rem
235 717 290 758 ad
322 717 600 758 illustrandas
632 715 778 757 artes³
825 716 1153 758 honestissimas
1193 717 1452 758 convertisti.
1502 717 1596 767 Qua

112 788 282 842 quidem
307 801 360 829 ex
381 801 440 838 re,
457 787 556 828 etin
581 800 788 842 praesens
803 786 991 828 afficeris
1004 801 1082 841 per
1095 801 1264 829 omnem
1281 788 1423 829 orbem
1442 789 1595 842 sempi-

111 860 245 901 ternis
260 859 505 910 honoribus,
522 858 629 900 etad
645 872 811 899 omnem
827 859 1118 912 posteritatem
1129 859 1411 900 aeterniorem
1425 859 1596 901 laudem

115 930 404 982 consequeris,
438 943 565 982 quam
598 937 670 970 aut
702 929 895 979 Athenis,
929 930 1180 971 Pisistratus
1204 937 1276 971 aut
1307 929 1595 971 Alexandriae

113 1001 401 1051 Ptolomaeus,
436 1007 508 1041 aut
530 1001 744 1041 Eumenes
767 1001 979 1052 Pergami,
1004 1007 1077 1041 aut
1100 1000 1197 1041 olim
1219 1000 1398 1042 Romae*
1423 1001 1596 1052 Caesar,

113 1085 251 1126 nuper
272 1086 372 1114 vero
396 1072 600 1113 Nicolaus
625 1072 825 1113 Pontifex
846 1072 1039 1121 Quintus,
1065 1071 1337 1113 bibliothecis
1356 1072 1597 1126 insignibus

114 1143 398 1196 publicandis.
431 1143 498 1183 Illi
521 1143 630 1184 enim
664 1143 1024 1196 praestantissimi
1044 1143 1260 1196 principes
1279 1143 1330 1184 iis
1354 1143 1597 1186 civitatibus

114 1214 376 1268 imperarunt
399 1228 509 1267 quae
529 1214 779 1255 liberalibus
801 1214 1036 1268 disciplinis
1058 1214 1241 1255 maxime
1262 1220 1363 1255 tunc
1385 1214 1597 1267 florerent,

114 1285 252 1338 iisque
285 1285 430 1339 vigere
464 1285 742 1339 temporibus,
778 1285 930 1337 quibus
964 1284 1016 1326 de
1050 1285 1230 1326 nominis
1264 1286 1457 1327 claritate
1489 1286 1599 1328 inter

116 1369 162 1397 se
196 1356 361 1396 urbium
405 1356 698 1397 moderatores
731 1355 916 1396 maxima
948 1356 1233 1397 aemulatione
1280 1356 1598 1399 contenderent.

115 1427 180 1467 Tu
213 1440 314 1468 vero
341 1433 382 1468 et
405 1427 564 1480 primus
598 1433 639 1468 et
658 1427 774 1467 solus
796 1426 910 1467 istud
935 1427 1241 1480 amplissimum
1263 1440 1456 1481 regnum,
1487 1428 1599 1480 quod

114 1511 254 1539 rerum
301 1511 326 1538 a
370 1504 412 1538 te
459 1497 689 1551 sapienter,
735 1497 1000 1549 feliciterque
1046 1504 1263 1550 gestarum
1308 1498 1598 1552 magnitudine

117 1568 343 1618 decorasti,
377 1582 489 1609 nunc
523 1582 692 1621 quoque
725 1568 877 1609 litteris
911 1574 952 1609 et
986 1568 1177 1610 scientiis
1217 1569 1376 1610 excolis
1409 1576 1451 1611 et
1485 1583 1600 1611 ama-

114 1639 272 1681 bilibus
304 1639 448 1680 reddis
481 1639 851 1680 mansuetissimus
883 1639 1026 1681 musis.
1061 1638 1182 1688 Quae
1215 1639 1380 1693 pridem
1414 1654 1465 1681 ex
1488 1641 1601 1682 omni

118 1709 301 1751 Graecia
324 1710 502 1761 eiectae,
525 1710 650 1751 modo
679 1710 808 1751 etiam
831 1724 856 1751 a
878 1710 1035 1751 nostris
1058 1710 1328 1764 Principibus
1353 1711 1599 1763 destitutae,

118 1794 144 1821 a
165 1779 299 1821 Gallis
332 1794 432 1822 vero
467 1780 775 1833 Germanisque
805 1781 1031 1834 neglectae
1053 1781 1108 1822 ad
1128 1788 1170 1822 te
1200 1782 1451 1835 confugiunt
1472 1789 1600 1835 teque

118 1852 288 1893 unicum
322 1865 442 1893 suum
476 1852 608 1894 decus
643 1858 686 1893 et
710 1858 872 1893 certum
892 1852 1153 1905 praesidium
1175 1860 1442 1894 venerantur.
1476 1853 1600 1896 Unde

117 1930 191 1963 tua
224 1923 395 1975 quidem
427 1930 636 1977 perpetua
682 1929 723 1964 et
756 1923 986 1976 singularis
1019 1923 1155 1976 gloria
1186 1923 1327 1974 fuerit,
1376 1925 1600 1966 sustulisse

116 1995 283 2035 cunctis
318 1994 520 2036 studiosis
553 1994 795 2035 hominibus
826 1994 870 2035 in
901 1994 1039 2047 Regia
1071 1994 1253 2048 signum,
1287 2008 1370 2047 quo
1394 2009 1445 2036 ex
1471 1995 1601 2037 omni-

118 2065 198 2106 bus
243 2065 432 2117 urbibus,
478 2065 693 2119 gentibus,
744 2065 1003 2117 nationibus,
1048 2066 1218 2120 populis
1262 2065 1318 2107 ad
1351 2072 1393 2107 te
1440 2066 1601 2120 Regem

118 2135 464 2177 liberalissimum
508 2136 587 2178 viri
629 2135 805 2178 litterati
851 2137 1118 2177 conveniant.
1163 2137 1255 2190 Ego
1288 2144 1403 2178 certe
1444 2138 1603 2178 nonin

119 2207 346 2260 postremis
380 2213 499 2248 tanta
530 2207 713 2248 nominis
745 2214 820 2247 tua
850 2206 968 2248 fama
1001 2207 1262 2261 compulsus,
1296 2215 1501 2260 tantaque
1530 2215 1604 2249 tua

118 2276 387 2331 benignitate
419 2278 462 2318 in
495 2278 713 2320 studiosos
738 2286 988 2331 commotus,
1021 2279 1328 2321 incredibiliter
1348 2279 1492 2331 ardeo,
1526 2293 1602 2334 pro

120 2361 217 2389 mea
248 2348 357 2389 virili
390 2348 584 2390 conferre
618 2349 778 2402 aliquid
809 2350 1047 2391 rectissimo
1090 2350 1471 2403 laudatissimoque
1506 2363 1603 2391 con-

118 2418 228 2465 silio,
275 2419 573 2462 Bibliothecae
607 2426 648 2461 et
681 2420 811 2462 studii
854 2420 1114 2474 publicandi.
1162 2420 1312 2473 Itaque
1346 2421 1459 2473 quod
1492 2434 1604 2462 nunc

121 2490 239 2543 potui
272 2504 347 2543 pro
383 2491 585 2544 angustia
620 2491 838 2546 temporis,
877 2491 1068 2532 Tadeum
1101 2505 1194 2532 cum
1221 2491 1475 2544 quibusdam
1504 2490 1604 2533 meis

119 2561 335 2613 opusculis
383 2562 439 2602 ad
473 2566 508 2602 te
542 2560 650 2604 misi.
687 2562 824 2612 Quem
856 2576 941 2604 non
974 2563 1103 2615 longo
1148 2569 1246 2616 post
1278 2569 1469 2616 tempore
1504 2563 1604 2604 sub-

116 2639 354 2683 sequentur
386 2633 547 2674 maiora
592 2640 739 2675 nostra
770 2633 813 2673 in
845 2633 1062 2674 Valerium
1107 2634 1308 2674 Flaccum
1342 2634 1501 2674 nomini
1533 2642 1604 2674 tuo

123 2702 321 2744 dedicata
345 2704 572 2755 volumina,
607 2710 649 2745 et
670 2710 745 2745 tua
779 2703 1041 2745 Celsitudine
1071 2704 1276 2758 digniora.
1299 2704 1470 2745 Interim
1493 2704 1606 2745 hunc

244 2867 253 2886 ¹
280 2868 419 2901 tamdiu
445 2867 491 2901 Ε.
543 2867 555 2885 ²⁸
586 2868 759 2902 affulxisti
789 2868 825 2902 C.
869 2867 881 2887 ³
909 2868 994 2902 artis
1025 2867 1062 2908 Ο,
1090 2867 1198 2902 arteis
1224 2867 1271 2901 E.
1316 2868 1328 2886 ⁴
1355 2878 1375 2901 a
1401 2866 1496 2902 level
1513 2865 1606 2910 vege

123 2927 260 2961 Romae
288 2926 374 2960 111311
394 2926 566 2971 hianyzik
588 2927 713 2968 C-ben,
740 2927 902 2972 melybt'il
920 2937 939 2961 e
956 2927 1090 2972 helyen
1115 2925 1213 2971 negy
1231 2925 1325 2962 level
1343 2927 1380 2960 ki
1397 2937 1468 2960 van
1487 2924 1607 2970 tepve.

193 3007 218 3033 J.
242 3008 336 3034 Anat:
359 3009 520 3035 ΑΝΑιΕετΔ
539 3016 626 3036 ΝονΑ.
1445 2997 1465 3029 2
