1955 3278
74 424 140 459 105

72 779 140 814 110

73 1135 139 1169 115

74 1492 141 1525 120

76 1847 142 1880 125

77 2203 144 2236 130

78 2558 144 2591 135

79 2911 146 2945 140

1486 130 1562 164 329

220 274 355 315 Ursus
388 285 492 315 aves
524 273 655 324 novit,
689 272 911 326 Paphyam
934 278 1197 326 matremque
1220 278 1420 326 precatur

218 344 339 386 Tunc
370 343 493 395 votis,
528 343 753 396 Cytherea,
788 343 908 384 ducis
941 357 994 384 ne
1029 343 1180 385 desere
1213 357 1360 397 regna.

218 414 324 456 Inde
357 415 504 457 volant
535 414 705 468 gemine
739 413 851 454 sacri
884 427 1012 468 super
1044 414 1179 455 ardua
1210 415 1313 456 tecti

221 486 428 537 Culmina,
453 485 610 527 dehinc
631 485 816 538 liquidas
840 492 1016 539 captant
1036 486 1316 540 applausibus
1340 500 1478 529 auras.

220 557 316 598 Una
347 562 467 598 tenet
498 556 741 597 Phaetonta
773 569 942 609 novum,
976 557 1205 610 radiosque
1238 558 1415 611 priores,

220 627 337 677 Quos
368 627 487 669 vehit
519 632 668 668 aurato
703 640 884 680 surgens
917 640 1071 668 aurora
1102 628 1247 681 iugali.

218 699 365 740 Altera
396 698 671 739 Pannonicos
705 698 836 739 cicius
870 711 917 739 se
951 699 1128 740 contulit
1161 712 1301 753 agros.

218 770 308 811 Has
342 770 502 810 similes
534 774 747 810 testantur
779 783 884 811 aves
916 769 1077 811 vidisse
1111 770 1307 812 volantes

219 841 386 895 Legati,
419 841 600 895 pulchra
631 846 676 881 ut
708 840 888 894 primum
922 840 1146 882 discedere
1180 841 1304 882 Buda

218 912 416 966 Principe
450 925 717 962 concessum,
752 917 795 952 et
814 924 940 953 veras
970 925 1231 965 cognoscere
1265 918 1416 954 sortes.

218 984 323 1025 Post
354 983 537 1025 redeunt
568 989 714 1038 patres
748 989 790 1025 et
821 985 907 1025 leto
941 984 1127 1024 affantur
1158 984 1331 1025 honore.

221 1053 391 1096 Cernite
424 1067 529 1108 opes
559 1054 734 1104 fractas,
767 1055 1045 1108 collapsaque
1068 1055 1237 1096 moenia
1268 1055 1415 1107 Rome,

220 1125 535 1180 Tarpeiamque
569 1139 722 1172 arcem,
754 1139 839 1167 non
873 1126 983 1167 sacri
1015 1126 1107 1167 iura
1140 1132 1316 1167 senatus

220 1196 327 1238 Sunt
358 1197 495 1248 vobis,
529 1196 752 1249 circusque
784 1197 899 1238 iacet
930 1196 1123 1238 mirabile
1157 1197 1284 1239 dictu.

217 1267 421 1310 Invasere
453 1273 596 1310 truces
629 1268 915 1322 pulcherrima
945 1281 1081 1321 regna
1112 1268 1281 1321 tyranni

222 1338 457 1381 Proteritur
490 1352 672 1393 semper,
706 1339 875 1380 Latium
909 1353 987 1380 sua
1018 1339 1203 1393 perdidit
1237 1353 1354 1381 arma

220 1410 456 1463 Relliquias
489 1410 694 1451 habitatis
728 1411 796 1451 avi
829 1410 1010 1464 delapsa
1041 1411 1235 1452 feruntur

220 1481 419 1534 Undique
441 1494 578 1535 regna
599 1487 767 1535 patrum
789 1482 981 1535 patulum
1004 1481 1222 1522 dominata
1242 1494 1317 1535 per
1339 1480 1500 1522 orbem.

220 1553 424 1594 Venimus
457 1553 541 1594 huc
572 1553 678 1593 iussi
710 1566 911 1607 proceres
945 1566 970 1593 a
1000 1553 1199 1606 Principe
1232 1558 1377 1594 nosrto

221 1624 277 1665 Ut
310 1637 389 1665 sua
422 1623 637 1665 discamus
669 1637 749 1677 per
778 1637 855 1665 vos
888 1624 1061 1665 oracula
1093 1630 1250 1677 patres.

221 1695 343 1737 Tunc
374 1695 510 1737 Ursus
542 1695 729 1737 breviter
761 1695 898 1749 patrio
933 1708 1128 1736 sermone
1161 1694 1347 1736 disertus

221 1765 375 1820 Incipit
408 1772 450 1807 et
483 1766 602 1807 socia
634 1766 828 1808 declarat
860 1767 962 1807 talia
995 1772 1150 1807 mente.

222 1837 433 1891 Amplexu
465 1838 715 1891 gremioque
747 1838 875 1879 fovet.
909 1837 1090 1878 Deferre
1126 1836 1266 1878 sereni

221 1908 331 1949 Fata
362 1909 612 1951 volebamus
646 1922 724 1951 nos
758 1923 906 1951 01111103
938 1908 1143 1963 principis
1176 1909 1290 1949 alma

221 1979 440 2021 Pannonis
474 1980 529 2022 ad
562 1980 691 2022 sedes
725 1987 768 2022 et
801 1981 904 2021 clari
936 1980 1051 2033 regis
1084 1979 1140 2020 ad
1173 1992 1247 2020 ora

222 2050 376 2092 Edocti
407 2057 636 2106 properate
669 2052 775 2103 vias,
810 2052 890 2093 hec
923 2051 1048 2092 turba
1081 2056 1296 2103 sequetur.

222 2122 300 2163 Est
331 2122 401 2164 via
432 2122 727 2175 Flaminioque
762 2123 899 2176 Lidya
932 2122 1109 2175 contigit
1142 2135 1245 2163 arva

224 2192 410 2235 Consule
430 2199 564 2234 strata
582 2199 736 2247 patens
754 2194 936 2247 pingves
952 2206 1121 2246 quoque
1136 2192 1289 2233 transit
1308 2191 1362 2233 ad
1378 2191 1563 2233 Umbros

223 2264 374 2305 Vicina
406 2264 570 2316 Emilia
604 2265 795 2319 Lepidus
829 2277 954 2316 quam
987 2264 1155 2305 Marcus
1188 2262 1360 2303 harenis

224 2335 432 2377 Fascibus
467 2336 668 2377 emeritus
702 2335 871 2387 solidat⁷
906 2336 1160 2389 collegaque
1195 2334 1312 2375 Caio.

223 2406 417 2448 Victores
449 2406 739 2460 Ligurumque
772 2407 865 2448 vias
899 2419 1082 2460 posuere
1115 2411 1333 2458 gravatas.

223 2477 474 2530 Iniectuque
507 2491 617 2520 novo
650 2478 805 2519 faciles
839 2490 1073 2530 cursusque
1108 2476 1277 2518 dedere.

224 2549 316 2590 Hac
348 2554 472 2602 porta
505 2549 671 2603 egressi
702 2555 822 2590 tanto
856 2548 1081 2590 comitatus
1115 2560 1320 2600 equorum

224 2619 360 2661 Ursus
395 2626 498 2671 erat,
532 2621 667 2661 maior
697 2621 812 2671 luxil,
847 2619 1043 2661 calcabat
1077 2625 1118 2660 et
1152 2631 1300 2659 omnes

224 2689 373 2731 Indole
407 2691 600 2732 sublimis
633 2704 834 2744 proceres
869 2690 1141 2743 equitumque
1176 2695 1382 2730 catervas.

227 2760 376 2810 Qualis
408 2762 667 2815 bellipotens
701 2762 832 2803 Hebri
866 2774 959 2802 cum
993 2760 1175 2801 transilit
1208 2773 1304 2801 oras

224 2831 383 2873 Vectus
417 2833 552 2885 equis,
587 2832 755 2874 Seticos
787 2832 993 2873 incedens
1028 2831 1185 2872 eminet
1218 2831 1304 2872 alto

226 2901 397 2944 Vertice
430 2903 707 2957 martigenas,
742 2916 817 2945 seu
852 2916 944 2944 cum
978 2902 1204 2944 Xantheus
1237 2902 1390 2955 Apollo
