1955 3278
370 140 438 174 190

551 286 751 333 inspicias,
787 285 953 324 adversa
985 286 1098 331 levat,
1135 287 1202 325 sed
1236 299 1423 335 prospera
1457 288 1593 335 pascit.

549 357 736 395 Convietu
769 356 886 403 facili,
922 356 1141 406 blandoque
1174 358 1320 407 lepore,
1356 358 1522 406 benigno

442 438 486 471 75
551 427 695 465 Ordine
727 429 893 473 vivendi,
930 429 1077 467 ditandi
1110 429 1267 467 foenore
1300 430 1432 474 multo,

550 500 785 537 Concludam
820 501 966 548 paucis,
1002 501 1106 538 nulla
1138 505 1196 538 est
1228 504 1306 538 tam
1340 500 1449 538 firma
1480 505 1695 549 potensque

551 571 664 615 Urbs,
699 583 797 618 quae
831 572 864 609 si
896 571 1023 609 desint
1055 572 1265 610 concordia
1297 577 1467 620 pectora,
1503 574 1640 621 longos

552 643 608 680 Sit
639 654 822 680 mansura
856 642 951 689 dies,
988 643 1091 681 fovet
1124 643 1219 681 haec
1255 643 1447 691 urbesque
1471 644 1683 692 domosque

551 714 599 751 Et
619 713 803 761 quicquid
836 727 975 762 magno
1009 715 1181 752 clausum
1215 716 1316 752 iacet
1339 716 1506 763 undique
1528 715 1681 753 mundo.

445 795 490 828 80
553 786 631 823 Vos
665 787 782 832 igitur
813 786 926 834 parili
959 798 1114 834 semper
1146 799 1239 834 rogo
1273 791 1400 824 mente
1433 787 1562 825 fovete

552 858 672 901 Illam,
708 858 764 895 sic
797 861 949 895 vestros
983 861 1021 894 et
1053 870 1124 896 vos
1157 859 1219 905 pia
1252 860 1407 895 numina
1440 859 1583 897 Christi

552 929 646 966 Post
678 928 775 966 hanc
809 928 991 966 aethereo
1025 930 1141 966 vitam
1175 941 1292 977 super
1324 942 1394 967 axe
1427 930 1620 968 locabunt.

1046 1010 1191 1053 Finis.

494 1107 753 1161 Impressum
778 1106 1073 1148 Gracchoviae
1090 1120 1167 1160 per
1184 1107 1487 1160 Hieronymum
1505 1107 1720 1149 Victorem
1739 1108 1861 1150 Anno

373 1178 429 1220 ab
454 1178 556 1220 orbe
578 1178 815 1233 redempto.
847 1178 1073 1219 Millesimo
1099 1178 1454 1231 Quingentesimo
1476 1178 1700 1232 bigesimo.

373 1371 629 1418 Epitaphia
647 1370 782 1407 Pauli
800 1370 918 1406 Iovii
939 1371 1139 1407 Iunioris
1157 1370 1522 1408 Novocomensis
1543 1372 1600 1408 In
1618 1371 1866 1408 Matthiam

872 1437 1123 1473 Corvinum
1147 1436 1332 1484 Regem.
1351 1437 1360 1457 ¹

556 1543 643 1584 Vos
677 1557 700 1585 o
735 1544 807 1597 qui
843 1543 973 1584 celeri
1006 1543 1143 1596 gradu

614 1615 777 1657 Lucum
812 1614 1018 1656 Castiliae
1052 1615 1170 1668 rupis
1204 1620 1244 1655 et
1279 1613 1412 1655 ardua

556 1687 762 1728 Parnassi
794 1686 895 1740 iuga
931 1685 1140 1727 scandere

617 1757 801 1799 Certatis
835 1757 1014 1799 viridem
1048 1770 1124 1810 per
1157 1770 1373 1798 nemorum
1407 1769 1586 1807 comam,

559 1828 654 1878 Qua
684 1828 774 1871 rivo
808 1841 1020 1870 resonans
1054 1841 1176 1869 sacro

617 1900 724 1941 Leni
756 1899 932 1953 lympha
964 1899 1098 1953 fugax
1131 1899 1363 1953 perstrepit
1395 1899 1544 1949 alveo;

558 1971 745 2012 Auratae
780 1970 985 2024 cytharae
1019 1970 1170 2011 modos

552 2034 564 2046 ’
616 2043 922 2096 Insignemque
956 2042 1089 2095 lyram
1122 2042 1281 2095 ponite,
1316 2041 1475 2095 ponite,

559 2114 604 2156 Si
637 2114 731 2167 quis
765 2126 894 2168 posse
928 2119 1050 2167 putat
1083 2126 1160 2154 suo

619 2186 757 2226 Cantu
791 2192 833 2227 et
866 2185 1138 2239 grandiloqui
1171 2184 1356 2226 carmine
1390 2183 1565 2226 Pindari

557 2257 721 2310 Regem
754 2257 1007 2298 Pannoniae
1043 2256 1174 2298 decus

619 2328 845 2369 Corvinum
880 2327 1041 2369 meritis
1075 2328 1225 2368 tollere
1260 2326 1518 2377 honoribusg

560 2399 668 2440 Nam
703 2400 739 2440 si
770 2399 958 2440 Maeonii
992 2399 1121 2450 senis,

620 2470 705 2512 Seu
739 2484 849 2523 quae
884 2470 1050 2524 Virgilii
1083 2469 1204 2511 Musa
1239 2469 1352 2510 canit
1387 2469 1491 2510 deos

561 2541 668 2583 Sese
701 2541 855 2583 reddat
890 2542 943 2583 ab
976 2541 1139 2591 inferis,

616 2613 707 2654 Nec
742 2619 859 2654 curet
895 2611 1065 2653 Siculae
1099 2625 1233 2665 regna
1266 2611 1564 2665 Proserpinae,

559 2683 686 2725 Haud
718 2697 905 2736 uuquam
940 2683 1081 2724 valeat
1116 2682 1219 2723 satis

620 2753 817 2806 Summis,
853 2768 931 2796 ceu
965 2754 1131 2804 deceat,
1166 2754 1315 2795 tollere
1349 2754 1556 2795 versibus.

502 2883 512 2902 ¹
554 2881 719 2917 Carmina
759 2882 950 2916 illustrium
990 2886 1178 2925 poetarum
1216 2882 1395 2916 Italorum.
1436 2881 1651 2921 Florentiae,
1692 2881 1793 2914 1718.
1829 2880 1870 2913 V.

382 2953 416 2985 p.
445 2942 535 2983 432„
562 2942 642 2976 433.
