1955 3278
137 293 254 323 Vinum

97 347 289 377 incentivum

117 399 270 430 libidinis.

132 1656 283 1686 Ebrietas

117 1714 148 1741 et
172 1708 304 1739 lascivia

160 1766 263 1792 mater

140 1815 282 1845 omnium

139 1867 296 1897 vitiorum.

152 2585 281 2615 ‘Causae

119 2637 183 2667 odii
201 2640 232 2667 61
249 2647 315 2674 per-

130 2690 314 2720 secutiones

131 2742 163 2771 in
179 2741 308 2771 clerum.

314 138 381 172 136

308 280 546 336 proverbiis
594 279 834 321 Salomonis
868 279 1098 333 probatur:
1144 278 1397 327 Luxuriosa,
1443 277 1591 330 inquit.
1630 290 1700 318 res
1733 283 1801 318 est

310 353 453 394 vinum
486 358 529 392 et
563 351 874 392 contumeliosa
907 350 1119 401 ebrietas3
1155 350 1291 390 omnis
1325 349 1394 401 qui
1422 362 1515 390 cum
1550 348 1617 389 his
1649 348 1800 389 misce-

309 432 376 465 tur
408 436 493 464 non
527 422 606 464 erit
641 422 826 476 sapiens.
861 420 1073 470 Quocirca
1104 419 1216 461 idem
1250 421 1343 474 ipse
1379 419 1580 461 Salomon
1604 433 1679 461 rex
1700 419 1802 460 licet

310 495 423 536 omni
468 493 682 548 sapientia
726 493 880 546 plenus
926 499 1057 544 esset,
1103 499 1248 533 tamen
1290 490 1595 545 sapientiorem
1630 503 1676 532 se
1708 489 1802 531 fore

310 565 489 620 putavit,
525 564 561 606 si
594 577 619 604 a
651 564 750 605 vino
785 576 957 605 carnem
991 562 1263 604 abstraheret
1298 570 1339 603 et
1363 561 1599 603 abstemius
1623 561 1801 602 viveret.

313 636 523 691 Cogitavi,
567 635 716 688 inquit,
762 635 804 675 in
838 634 966 676 corde
1011 647 1107 675 meo
1154 633 1407 675 abstrahere
1441 646 1466 673 a
1498 632 1596 673 vino
1630 644 1803 673 carnem

311 721 464 758 meam,
499 714 546 748 ut
578 706 763 747 animum
796 718 936 746 meum
970 704 1249 746 transferrem
1282 704 1337 745 ad
1371 703 1641 757 sapientiam,
1687 702 1803 743 devi-

312 786 533 831 taremque
574 777 817 827 stulticiam,
860 776 998 817 donec
1030 774 1234 826 viderem,
1283 774 1383 827 quid
1416 774 1517 815 utile
1553 781 1670 815 esset
1707 773 1807 814 filiis

313 850 542 892 hominum.
592 849 700 889 Nam
727 862 812 889 non
846 846 1039 888 eiusdem
1073 847 1257 888 hominis
1291 852 1358 887 est
1389 844 1463 899 (ait
1490 842 1807 898 Hieronymus),

314 922 414 963 vina
447 920 679 974 degustare
714 924 755 960 et
788 918 1023 972 prophetas
1055 917 1313 970 intelligere,
1349 917 1420 969 qui
1441 916 1496 957 ad
1518 916 1807 970 Nepotianum

315 992 612 1047 presbyterum
646 990 698 1031 de
731 990 821 1031 vita
854 990 1104 1031 clericorum
1137 988 1196 1029 ita
1230 987 1401 1029 scribit:
1446 987 1616 1029 Modum
1650 986 1809 1028 aetatis

317 1072 359 1105 et
390 1062 650 1105 valetudinis
683 1074 759 1116 pro
794 1073 1017 1114 corporum
1058 1059 1265 1112 qualitate
1299 1059 1509 1112 exigimus
1542 1058 1584 1099 in
1617 1057 1808 1112 potando

316 1135 473 1181 vinum,
512 1133 626 1187 quod
671 1132 836 1185 absque
870 1132 968 1173 vino
1003 1131 1149 1182 ardeo,
1197 1139 1238 1171 et
1271 1130 1403 1171 ardeo
1437 1129 1735 1171 adulescentia
1768 1134 1812 1169 61

317 1205 555 1247 inflammor
602 1204 744 1246 calore
793 1203 1031 1256 sanguinis,
1079 1202 1122 1242 in
1169 1214 1250 1254 quo
1297 1200 1484 1254 suspicio
1530 1207 1595 1242 est
1638 1200 1809 1242 veneni.

319 1278 518 1318 Canones
551 1275 678 1317 etiam
712 1274 997 1316 ecclesiastici
1030 1273 1297 1327 praecipiunt
1321 1272 1489 1313 clericis
1522 1272 1576 1314 ab
1601 1272 1810 1314 ebrietate

320 1355 362 1389 et
395 1348 571 1401 crapula
602 1346 774 1400 penitus
807 1344 1110 1386 abstinendum
1142 1343 1220 1385 sub
1244 1342 1546 1385 beneficiorum
1572 1342 1812 1397 privatione

321 1428 362 1461 et
396 1420 681 1473 suspensione
716 1417 967 1459 officiorum.
1010 1416 1220 1466 Quoniam
1255 1415 1442 1456 ebrietas
1477 1422 1518 1456 et
1551 1415 1706 1455 mentis
1742 1427 1812 1455 ex·

319 1492 435 1532 ilium
458 1491 646 1541 inducat,
672 1496 714 1531 et
735 1488 924 1530 libidinis
948 1493 1153 1542 provocet
1174 1487 1451 1537 incentivum,
1482 1492 1607 1540 prout
1629 1485 1815 1526 habetur

322 1563 373 1604 de
407 1563 495 1604 vita
527 1569 569 1603 et
602 1562 830 1603 honestate
864 1559 1123 1601 clericorum.
1157 1560 1211 1599 At
1245 1559 1337 1599 sine
1374 1557 1529 1598 Cerere
1564 1563 1606 1598 61
1638 1556 1814 1597 Baccho

321 1636 451 1689 friget
482 1634 642 1683 Venus,
677 1632 781 1673 dixit
814 1631 1001 1672 comicus
1034 1636 1177 1684 poeta.
1211 1629 1327 1670 Nihil
1359 1641 1475 1680 vero,
1509 1635 1620 1669 teste
1643 1627 1812 1669 Joanne

323 1707 642 1760 Chrysostomo,
688 1705 749 1745 ita
794 1710 859 1744 est
894 1702 1094 1744 daemoni
1136 1701 1338 1751 amicum,
1387 1701 1494 1741 sicut
1540 1699 1727 1740 ebrietas
1773 1704 1817 1740 et

322 1778 512 1827 lascivia,
548 1789 658 1829 quae
692 1783 757 1816 est
790 1782 926 1815 mater
959 1773 1144 1815 omnium
1168 1772 1364 1813 vitiorum
1389 1781 1431 1812 et
1452 1771 1637 1812 omnium
1660 1782 1814 1824 pecca—

323 1856 461 1890 torum
506 1847 627 1889 radix
662 1852 704 1887 61
736 1845 890 1895 nutrix,
937 1852 1036 1885 ante
1071 1844 1212 1885 omnia
1245 1849 1388 1884 autem
1422 1856 1446 1883 a
1480 1842 1647 1883 clericis
1679 1839 1816 1882 vetari

326 1921 518 1961 deberet.
553 1919 619 1960 Ah
644 1918 804 1958 utinam
836 1917 947 1957 haec
970 1916 1104 1957 nostri
1127 1915 1325 1956 catholici
1349 1913 1589 1968 presbyteri
1613 1919 1654 1953 61
1677 1924 1816 1953 sacer-

327 1992 449 2033 dotes
481 1991 540 2031 1111
579 1989 786 2037 officiose,
833 2001 943 2041 quae
984 1986 1304 2041 praecipiuntur
1348 1984 1401 2025 (16
1434 1984 1517 2025 hac
1555 1983 1817 2024 abstinent-ia

328 2071 369 2104 61
391 2063 476 2103 vini
499 2061 721 2103 moderata
740 2059 961 2114 potatione
980 2059 1275 2108 observarent,
1299 2063 1423 2110 prout
1444 2055 1565 2096 multi
1583 2055 1817 2096 observant

326 2133 745 2175 immodestissimam
789 2130 967 2172 bibendi
1012 2128 1380 2177 consuetudinem,
1426 2140 1511 2168 non
1557 2125 1729 2178 quidem
1773 2125 1816 2165 in

328 2203 680 2246 meditationibus
725 2209 765 2243 et
800 2201 1063 2243 orationibus
1097 2214 1147 2241 ac
1181 2199 1364 2241 caeteris
1397 2198 1524 2238 factis
1565 2210 1685 2238 suam
1719 2209 1818 2237 con-

330 2277 533 2318 ditionem
579 2281 619 2315 et
666 2274 795 2314 vitam
842 2271 1200 2314 concernentibus
1247 2270 1339 2311 dies
1386 2276 1428 2310 et
1472 2276 1622 2310 noctes
1667 2280 1818 2309 consu-

329 2354 509 2392 mentes,
544 2345 621 2387 sed
653 2345 695 2385 in
721 2344 906 2385 assiduis
940 2341 1340 2397 compotationibus,
1377 2338 1821 2385 commessationibus,

331 2418 624 2467 ebrietatibus,
670 2415 873 2465 lasciviis,
920 2413 1191 2463 clamoribus,
1240 2410 1591 2459 detractionibus,
1638 2417 1680 2450 et
1724 2408 1819 2449 aliis

330 2489 505 2531 infinitis
550 2486 920 2541 inconvenientiis,
970 2499 1079 2538 (piae
1126 2498 1178 2525 ex
1223 2484 1305 2524 hac
1350 2489 1521 2523 nostrae
1564 2480 1819 2522 benedictae

332 2560 487 2601 aetatis
520 2558 666 2600 nescio
701 2558 815 2610 quali
840 2555 1150 2598 consuetudine
1183 2554 1393 2608 pullulare
1422 2553 1572 2594 solent.
1608 2552 1702 2592 Non
1727 2564 1819 2604 pro-

332 2632 446 2673 fecto
474 2638 535 2671 tot
557 2629 777 2671 evenirent
802 2628 1011 2669 scandala
1035 2627 1077 2667 111
1100 2626 1272 2680 populo,
1298 2632 1399 2677 quot
1422 2624 1465 2664 in
1487 2623 1580 2664 dies
1604 2622 1820 2664 eveniunt.

332 2703 427 2743 Non
461 2710 521 2742 tot
555 2701 653 2741 odia
698 2700 956 2753 pullularent
1002 2705 1043 2739 et
1076 2696 1400 2751 persecutiones
1444 2694 1486 2735 111
1521 2693 1705 2735 ecclesia
1738 2692 1822 2743 dei,

335 2780 435 2825 quot
467 2773 509 2812 111
556 2771 648 2812 (1166
693 2770 894 2823 pullulari
926 2769 1135 2818 videmus,
1180 2767 1277 2807 dum
1313 2772 1355 2806 et
1388 2765 1574 2806 divinam
1618 2764 1724 2804 iram
1770 2775 1820 2802 ac

333 2844 462 2884 totius
493 2843 585 2884 fere
619 2841 764 2882 mundi
790 2841 833 2881 in
857 2853 936 2881 nos
960 2850 1242 2893 provocamus
1262 2836 1508 2882 vindictam,
1544 2834 1685 2875 dando
1706 2832 1822 2873 vide-

334 2915 433 2955 licet
467 2914 549 2955 illis
584 2914 636 2954 de
671 2912 793 2953 nobis
826 2911 1051 2965 pravitatis
1085 2909 1295 2962 exempla,
1337 2920 1511 2959 quorum
1547 2905 1746 2946 ductores
1780 2909 1824 2943 et
