1919 3273
1469 104 1538 137 453

55 261 231 301 quorum
265 253 307 289 et
329 247 625 289 modernorum
645 247 970 290 observationes
994 255 1269 303 compertam,
1295 247 1538 290 Stellarium

55 318 150 360 dico
183 319 509 359 instrumentum
554 318 863 359 nobilissimum
901 320 1081 372 perutile
1117 326 1159 361 et
1190 319 1538 361 iocundissimum

55 389 447 431 elucubrationibus
480 389 653 430 tandem
688 389 967 431 solertissime
1008 390 1247 431 ordinatum
1283 389 1422 431 eidem
1456 390 1538 431 010-

53 461 239 501 mentiae
271 466 441 502 vestrae
475 460 719 501 dedicatum
741 473 835 501 cum
859 461 1092 501 humillima
1119 461 1382 502 subiectione
1407 461 1538 501 offero

54 531 250 584 donoque
295 545 372 585 per
416 531 529 584 quod
575 531 824 572 coelestium
869 532 1084 573 mobilium
1131 546 1332 574 numerus
1364 532 1538 573 tandem

52 608 200 643 nostra
230 602 524 655 ingeniatione
557 602 758 654 inventis
793 616 918 655 quam
953 603 1124 644 celestis
1159 604 1346 657 corporis
1381 603 1434 644 sit
1455 603 1538 644 dis—

53 673 207 726 positio
240 673 360 714 varia
393 672 630 713 clarissime
665 673 926 726 conspicitur
950 707 1123 715 ......

171 743 263 793 Quo
285 750 330 784 ut
352 743 631 784 fundamento
655 743 814 784 iactato
840 757 949 797 quae
975 744 1056 785 hac
1080 751 1227 786 nostra
1252 745 1394 785 mundi
1417 758 1537 786 reno-

51 814 221 856 vatione
253 814 376 855 fatali
404 813 551 855 ordine
582 820 826 866 causantur,
861 816 975 868 quod
1004 816 1206 868 ingenioli
1241 816 1324 857 mei
1353 816 1538 857 facultas

51 886 240 940 suppetit
261 885 389 927 diluci
414 885 626 936 labuntur,
654 886 806 938 quibus
830 900 906 940 per
929 886 1182 928 decennium
1203 887 1397 927 maximis
1420 887 1537 927 labo-

49 957 166 998 ribus
185 956 278 998 dies
296 963 532 1009 noctesque
550 957 755 1010 plurimas
773 958 991 999 insomnes
1007 958 1347 1012 pertranseundo
1365 957 1537 998 insuda-

49 1027 146 1068 bam
180 1027 437 1081 posthabitis
467 1028 701 1069 honoribus
729 1028 972 1082 divitiisque
997 1029 1152 1083 spretis
1176 1035 1216 1069 et
1241 1028 1537 1069 emolumentis

51 1098 178 1140 variis
193 1099 454 1153 postergatis
473 1096 547 1152 (?):
567 1099 724 1153 papale
740 1100 966 1153 palatium:
982 1101 1231 1154 imperiales
1248 1107 1288 1140 et
1304 1099 1539 1153 principum

50 1170 213 1211 curias:
249 1169 304 1211 ad
337 1183 445 1223 quae
478 1176 656 1211 vocatus
692 1170 963 1223 relinquens:
996 1171 1223 1212 minerales
1255 1171 1400 1211 Musas
1435 1169 1538 1210 mihi

50 1240 362 1294 desponsatas:
395 1240 700 1282 beneficiorum
733 1248 967 1295 proventus
996 1242 1140 1282 litibus
1174 1241 1380 1295 expositis
1402 1241 1538 1294 negli-

48 1325 169 1365 gens,
205 1312 511 1366 stipendiorum
535 1312 757 1353 commoda
790 1326 938 1366 parum
971 1313 1191 1367 pendens:
1225 1318 1270 1353 ut
1301 1313 1410 1365 Regi
1442 1324 1536 1353 meo

47 1396 136 1424 rem
175 1390 342 1437 gratam
387 1389 429 1424 et
473 1383 697 1437 perutilem
741 1384 783 1424 in
829 1384 1091 1437 perhennem
1137 1384 1308 1425 laudem
1353 1397 1404 1424 ac
1446 1383 1535 1437 glo-

49 1454 153 1495 riam
186 1454 461 1496 indelebilem
498 1461 539 1495 et
573 1454 732 1495 famam
767 1462 1020 1509 perpetuam
1055 1455 1269 1496 facerem:
1304 1455 1370 1496 cui
1402 1460 1536 1496 totum

50 1532 206 1566 memet
249 1525 334 1566 iam
367 1525 438 1566 diu
472 1539 554 1578 quo
588 1525 712 1566 fatali
756 1526 936 1567 Numine
976 1526 1125 1579 ignoro
1160 1525 1410 1567 vendicavi:
1457 1538 1537 1566 nec

48 1597 181 1638 livore
213 1596 451 1638 invidorum
486 1603 527 1637 et
550 1597 879 1638 obtrectantium
912 1611 992 1639 1100
1014 1597 1161 1638 favore
1186 1596 1536 1651 persuadentium

50 1667 345 1709 distrahebar:
383 1668 482 1721 quin
506 1668 713 1722 impensis
737 1681 821 1709 non
843 1668 1128 1709 mediocribus
1152 1668 1280 1708 etiam
1303 1667 1535 1707 fortissimo

51 1744 207 1780 conatu
237 1739 482 1780 insisterem
514 1739 617 1780 mihi
648 1739 918 1792 persuadens
952 1739 1126 1792 dignam
1148 1752 1237 1779 rem
1260 1738 1536 1791 singularem-

50 1823 132 1862 que
164 1811 273 1863 Regi
305 1810 451 1851 utilem
481 1810 862 1863 honorabilemque
888 1824 980 1851 cum
1006 1810 1220 1851 effecerim
1253 1810 1341 1850 suis
1362 1822 1415 1849 110
1437 1821 1535 1849 0011-

50 1881 211 1923 sideret
241 1881 414 1922 intanti
445 1882 560 1934 regis
594 1881 681 1922 alta
715 1881 928 1935 sapientia
959 1882 1047 1921 lata
1073 1879 1300 1934 prudentia
1322 1878 1536 1933 profunda

50 1951 370 2004 magnificentia
390 1951 567 1993 Prefata
589 1952 729 1993 omnia
752 1965 846 1993 cum
869 1951 1009 1992 usuris
1034 1951 1267 1992 habiturus.
1298 1949 1536 2004 Splendent

50 2023 119 2064 hic
150 2023 319 2077 palacia
362 2023 673 2077 gloriosissima
716 2028 804 2064 toto
848 2023 948 2063 orbe
989 2029 1195 2063 terrarum
1240 2022 1345 2062 haut
1383 2021 1536 2062 similia

50 2093 281 2135 honoribus
314 2094 559 2135 muneribus
589 2100 631 2135 et
655 2094 820 2135 diviciis
845 2107 966 2146 quem
990 2107 1042 2133 110
1067 2106 1251 2145 unquam
1274 2092 1340 2133 his
1361 2092 1535 2145 dignum

50 2165 158 2206 tanti
190 2165 320 2218 Regis
353 2165 558 2206 maiestas
592 2165 926 2207 clementissima
956 2164 991 2205 si
1014 2164 1188 2204 meritus
1222 2170 1286 2204 est
1308 2176 1393 2203 non
1413 2176 1534 2216 prae-

50 2236 200 2277 fecerit
245 2242 372 2289 atque
416 2237 768 2277 irremuneratum
815 2235 1080 2277 abscendere
1123 2234 1341 2275 dimiserit.
1390 2233 1535 2274 Musas

50 2307 216 2348 ferreas
249 2313 320 2348 aut
353 2307 480 2348 etiam
513 2314 744 2361 argenteas
776 2307 1000 2359 reliquisse
1034 2305 1181 2358 quanti
1213 2311 1279 2346 est
1311 2305 1347 2345 si
1378 2304 1535 2345 nedum

52 2384 94 2419 et
124 2378 221 2419 illas
253 2391 399 2420 verum
445 2378 571 2420 etiam
617 2391 770 2419 aureas
804 2385 845 2419 et
878 2390 972 2419 cum
1020 2376 1166 2416 Bacho
1214 2375 1459 2416 dulcissimo
1492 2375 1535 2415 in

50 2449 186 2490 vineis
219 2449 425 2491 salientes
458 2449 757 2503 conspicimus.
802 2448 970 2490 Nedum
1004 2447 1138 2488 eciam
1171 2452 1284 2487 terra
1314 2459 1459 2487 verum
1494 2452 1535 2486 et

51 2519 225 2561 flumina
256 2521 467 2574 praebent
499 2534 684 2562 massam
714 2520 953 2574 preciosam
974 2517 1235 2559 mineralem.
1270 2517 1353 2559 Ubi
1375 2516 1469 2557 aliis
1492 2516 1534 2556 in

50 2591 299 2644 regionibus
333 2592 450 2633 vario
483 2592 630 2633 labore
665 2592 729 2632 sal
762 2591 1011 2643 excoquitur
1042 2589 1124 2629 hoc
1157 2600 1286 2628 aureo
1324 2587 1367 2628 in
1402 2600 1534 2640 regno

53 2661 166 2714 quod
182 2662 342 2716 Iupiter
362 2662 456 2717 ipse
480 2677 558 2717 per
574 2663 821 2716 impluvium
840 2674 1012 2702 aureum
1033 2659 1244 2713 gubernat
1264 2664 1429 2699 montes
1447 2664 1534 2698 tote

53 2733 280 2774 salescunt.
316 2733 517 2775 Inretitus
551 2733 702 2775 celesti
734 2733 854 2774 radio
888 2745 997 2784 quae
1030 2731 1195 2771 inesset
1228 2729 1532 2782 conspicerem,

52 2802 118 2844 his
150 2804 278 2857 longe
301 2804 462 2845 maiora
490 2817 615 2857 quam
639 2803 842 2857 putabam
876 2801 1103 2855 comperio.
1137 2801 1232 2841 Non
1257 2799 1412 2841 fefellit
1432 2812 1534 2852 ergo

53 2873 205 2927 opinio.
238 2874 450 2928 Dignetur
481 2875 626 2927 itaque
663 2875 754 2915 Rex
787 2872 1092 2927 gloriosissime
1126 2871 1207 2912 hoc
1240 2884 1347 2924 opus
1380 2884 1535 2912 novum
