1955 3278
348 125 417 160 818

344 423 412 457 770

341 781 409 814 775

339 1139 408 1173 780

338 1500 405 1535 785

335 1859 404 1893 790

330 2216 398 2250 795

333 2573 401 2607 800

335 2933 402 2967 805

495 272 677 326 Templa
709 271 857 313 vident
888 273 1068 327 primum
1101 273 1330 328 posuitque
1363 275 1558 317 Dedalus
1593 276 1680 317 alta

494 342 774 396 Sacravitque
809 343 904 395 deo,
938 358 1034 386 cum
1065 358 1202 399 regna
1236 345 1428 399 Cydonia
1459 347 1591 400 liquit.

495 414 685 457 Credidit
708 422 751 457 61
772 416 926 469 pennis
958 416 1139 467 levibus,
1173 417 1319 471 placet
1339 417 1400 458 ire
1424 431 1502 472 per
1526 426 1692 460 antrum

493 485 598 527 Inde
631 500 785 528 nemus
815 487 951 539 trivie,
986 494 1027 529 61
1060 488 1259 529 sublimia
1291 494 1408 530 tecta
1440 490 1596 531 subire.

492 558 602 599 Ante
626 571 783 611 greges
805 564 978 601 teneros
1000 565 1203 611 mactant,
1227 560 1497 614 perduntque
1520 561 1722 604 bidentes

493 628 595 670 Cum
629 629 819 680 totidem,
855 642 1064 684 sacreque
1096 638 1252 673 vocant
1286 638 1328 673 61
1360 632 1537 686 virginis
1571 646 1645 674 ora

491 700 636 742 Turba
668 708 834 755 patrum
869 699 921 755 (si
953 702 1074 743 iussa
1106 703 1219 745 Iovis
1253 703 1493 746 certissima
1512 702 1691 759 restant)

489 771 724 827 Explorare
758 780 925 827 parant,
960 780 1184 827 sortesque
1217 775 1434 828 requirere
1466 776 1590 829 regni

490 844 646 886 Divitis
679 852 722 886 et
752 845 887 887 fortes
921 845 1021 899 quid
1045 852 1212 900 spectet
1235 846 1291 887 ad
1313 860 1433 889 arma
1463 847 1690 889 Bohemos.

489 915 614 957 Talia
647 916 746 957 duni
778 922 980 971 repetunt
1013 923 1055 959 et
1087 917 1198 959 vatis
1232 931 1357 960 sacra
1389 925 1618 972 morantur,

488 986 592 1028 Visa
623 987 703 1029 fuit
736 987 877 1030 subito
910 1002 1114 1030 revocare
1146 989 1190 1030 in
1222 990 1383 1044 templa
1418 989 1619 1039 Quirites.

491 1058 680 1108 Cumano
714 1073 891 1102 exesum
924 1061 1041 1115 rupis
1073 1061 1187 1102 latus
1221 1067 1340 1102 extat
1370 1061 1414 1102 in
1448 1067 1616 1102 antrum

488 1131 741 1185 Abruptum,
774 1132 849 1173 lati
883 1145 1089 1174 accessus
1124 1146 1205 1186 quo
1238 1133 1386 1174 limina
1419 1139 1590 1174 centum

487 1203 701 1245 Innumeri
734 1203 895 1245 ducunt
927 1217 1071 1255 voces,
1106 1205 1260 1258 quibus
1294 1218 1367 1245 ore
1401 1203 1607 1246 sacerdos

486 1274 663 1326 Emittit,
696 1288 908 1329 responsa
939 1282 1066 1317 ruunt
1098 1276 1275 1318 totidem
1308 1275 1422 1317 unde
1457 1275 1605 1325 Sibille

487 1346 698 1388 Incedunt
730 1354 1001 1401 perguntque
1024 1361 1165 1402 pares,
1200 1348 1416 1401 limenque
1441 1356 1686 1403 capessunt.

487 1418 744 1460 Consultant
776 1419 948 1473 quando
980 1426 1204 1462 venturam
1239 1433 1415 1462 cernere
1450 1426 1608 1462 sortem

486 1491 678 1545 Tempus
702 1492 781 1533 6111
805 1492 1074 1545 subeantque
1096 1504 1219 1541 sacre
1241 1492 1394 1534 rabida
1416 1492 1559 1533 hostia
1576 1489 1622 1546 (l)
1639 1491 1765 1533 vatis.

485 1563 620 1604 Ursus
653 1563 711 1604 ait
743 1563 936 1617 primum,
969 1570 1150 1618 possunt
1182 1564 1264 1605 nisi
1296 1564 1434 1606 noctis
1467 1574 1603 1617 opace

483 1634 659 1676 Munere
693 1635 926 1677 Tartareas
958 1636 1155 1678 viventes
1188 1636 1250 1677 ire
1283 1649 1361 1689 per
1392 1635 1580 1686 umbras,

484 1706 749 1760 Placataque
784 1706 868 1748 dea
900 1707 1064 1762 campis
1097 1708 1266 1761 plorata
1300 1706 1512 1755 Sicannis,

483 1778 651 1831 Perque
686 1778 831 1820 orbem
865 1779 1035 1831 quesita
1066 1778 1205 1831 nimis,
1241 1791 1324 1832 quo
1348 1785 1542 1832 tempore
1576 1783 1713 1818 mater

483 1850 607 1890 Alma
640 1849 762 1891 faces
795 1856 1034 1891 monstrare
1068 1863 1197 1891 manu
1232 1855 1394 1891 testata
1427 1849 1599 1890 dolores

483 1921 669 1974 Virginis
703 1921 756 1962 ob
792 1921 952 1962 crimen
985 1921 1155 1969 sublate
1190 1920 1278 1962 dite
1311 1920 1445 1974 iugali

481 1993 735 2046 Noctivago,
769 1998 920 2034 tenera
953 1992 1058 2034 satis
1093 1992 1315 2034 exultante
1349 1991 1514 2046 rapina.

480 2063 575 2105 Non
600 2063 743 2105 decuit
763 2064 998 2118 Phrygium
1020 2064 1227 2116 Aeneam,
1258 2077 1339 2105 nec
1361 2063 1537 2105 Thesea
1556 2062 1713 2104 fortem

475 2135 602 2176 Haud
628 2136 839 2187 comitem,
864 2135 1108 2188 fidibusque
1133 2136 1221 2176 suis
1247 2148 1331 2176 non
1356 2134 1533 2189 Orphea
1554 2141 1712 2185 vatem,

479 2207 760 2260 Alcidemque
794 2207 945 2259 ferum,
979 2207 1107 2248 traxit
1140 2220 1233 2248 cum
1270 2206 1489 2247 Cerberon
1524 2206 1652 2247 astris

480 2278 607 2319 Haud
640 2292 836 2320 reserare
869 2278 1000 2329 fores,
1034 2278 1168 2332 geniti
1202 2278 1255 2319 de
1291 2279 1423 2332 stirpe
1458 2277 1634 2319 deorum

480 2349 549 2403 Hij
585 2363 843 2403 quamquam
865 2350 1024 2390 fuerint
1047 2357 1089 2391 et
1112 2349 1297 2403 grandia
1321 2349 1495 2390 nomina
1521 2347 1696 2390 dictent.

481 2421 636 2463 Audite
669 2421 875 2470 AeneadQ-
909 2421 1027 2463 cordi
1060 2421 1096 2462 si
1128 2427 1275 2463 vestra
1307 2421 1508 2462 voluntas

480 2492 569 2533 Hos
602 2493 747 2534 tristes
781 2498 979 2547 spectare
1012 2493 1139 2543 lares,
1173 2498 1396 2545 tetrasque
1430 2503 1653 2542 cavernas,

481 2563 561 2605 Hic
594 2564 745 2605 modus
780 2577 890 2605 unus
924 2564 1016 2611 erit,
1050 2576 1134 2605 nox
1167 2576 1263 2605 cum
1294 2576 1340 2604 86
1365 2561 1524 2616 frigida
1561 2574 1688 2603 cursu

481 2635 670 2676 Flexerit
697 2635 740 2676 in
770 2635 925 2686 medio,
959 2648 1036 2689 per
1068 2634 1219 2675 fauces
1241 2634 1302 2675 ire
1326 2633 1565 2688 putandum
1589 2638 1655 2673 681

482 2706 617 2748 Nobis
649 2719 780 2760 posse
813 2707 974 2759 nigras,
1009 2711 1051 2747 et
1084 2718 1291 2758 quaerere
1326 2717 1460 2758 regne
1493 2704 1660 2758 Dyanef.

482 2777 656 2819 Addunt
690 2791 736 2819 86
770 2784 905 2832 porte,
939 2777 1164 2829 vicinaque
1199 2777 1346 2817 limina
1379 2780 1557 2829 captant

482 2848 604 2890 Vatis
630 2849 868 2903 Apollines,
903 2849 1021 2889 iuxta
1054 2845 1079 2898 ἴ]
1112 2844 1156 2900 (ᾇ
1184 2846 1232 2888 in
1257 2845 1370 2893 rasl)
1403 2847 1513 2888 10116
1534 2845 1689 2887 litabat

483 2920 685 2962 Albertus
718 2920 904 2973 quidam,
938 2920 1080 2961 clarus
1113 2918 1166 2960 de
1199 2926 1329 2972 gente
1361 2918 1529 2970 Latina,
