1955 3278
78 409 122 443 75

78 762 123 797 80

79 1119 122 1153 85

81 1475 126 1510 90

79 1832 122 1865 95

56 2187 123 2221 100

56 2543 122 2578 105

173 257 392 298 Taxantur
425 258 607 299 miserae
641 257 805 311 plebes.
842 257 1082 311 viduaeque
1115 259 1304 307 relictae,

231 328 301 368 Nil
332 334 503 381 praeter
536 341 711 369 censum
745 328 910 369 dulcius
945 342 1042 370 esse
1076 331 1227 383 placet.

173 398 309 439 Nemo
342 399 497 439 malum
530 399 663 452 punit,
698 412 776 439 sua
808 399 877 440 lex
911 406 975 440 est
1010 401 1162 453 cuique
1195 401 1408 452 voluntas,

233 468 402 523 Oppida
437 470 498 510 310
531 476 725 523 1161611111,
761 475 902 510 063116
936 471 1109 512 sacella.
1145 472 1293 513 solum.

172 539 294 580 Tolle
322 552 473 593 precor
494 540 694 593 princeps
727 539 836 581 haec
863 540 1050 587 crimina,
1083 542 1184 581 tolle
1214 549 1420 596 potenter.

230 611 339 651 Nam
373 611 486 664 potis
520 623 567 651 es
601 610 771 651 monitis
803 610 977 652 flectere
1013 620 1166 653 cuncta
1199 613 1294 654 tuis.

174 682 303 724 Utere
337 681 538 732 consiliis,
573 681 650 723 sed
683 695 763 723 1160
798 682 936 723 minus
970 689 1089 724 utere
1124 692 1164 724 61
1199 685 1326 725 6111113

232 752 324 794 Ηο0
357 753 539 806 patrium
573 752 705 794 decus
739 759 817 803 est,
851 761 1021 795 caetera
1056 755 1195 795 laudis
1229 755 1401 797 habent.

173 823 429 877 Susceptum
462 837 639 877 regnum
674 831 788 865 certe
822 824 1044 866 moderare
1078 827 1250 872 teneris,

232 894 368 944 Quom
402 900 515 936 tutor
546 896 713 949 patriae
747 895 915 943 diceris,
950 902 1077 948 atque
1111 903 1245 950 pater.

172 967 263 1008 Hac
294 967 458 1008 ratione
491 966 568 1008 tibi
602 972 667 1008 est
700 981 910 1008 concessa
943 969 1135 1021 potentia
1168 970 1288 1010 coelo

232 1038 287 1080 Ut
320 1038 469 1078 timeat
500 1038 629 1078 lituos
661 1051 771 1091 gens
804 1038 1005 1079 malefida
1039 1046 1146 1081 tuos.

186 1109 241 1151 Ut
274 1109 454 1163 patriam
489 1109 656 1150 dulcem
691 1109 903 1150 defendas
937 1110 1118 1152 fortibus
1152 1111 1280 1152 armis

233 1180 288 1222 Ut
322 1180 530 1234 prodesse
566 1194 699 1233 queas
734 1187 858 1222 nocte
893 1181 1047 1234 dieque
1081 1182 1176 1223 tuis.

175 1252 258 1293 Per
290 1258 332 1293 te
367 1258 412 1292 ut
444 1251 599 1305 direpti
632 1252 796 1306 patriae
830 1252 1064 1294 reddantur
1096 1253 1294 1301 honores,

234 1323 316 1364 Per
348 1329 389 1364 te
422 1330 468 1364 ut
501 1323 697 1364 sublatae
732 1324 1010 1365 restituantur
1042 1338 1147 1378 opes

175 1394 282 1435 Nam
316 1394 427 1436 male
461 1394 694 1436 consulitur
727 1395 858 1435 titulis
893 1395 963 1436 ubi
997 1396 1125 1449 culpa
1157 1397 1332 1450 peracti.

236 1465 432 1507 Criminis
467 1472 509 1507 61
542 1466 638 1507 vicii
671 1466 843 1507 conscia
875 1466 992 1507 facta
1025 1473 1184 1520 patent.

176 1537 411 1591 Propterea
444 1537 715 1591 omnipotens
748 1537 829 1578 hoc
862 1537 1138 1579 lamentabile
1173 1551 1350 1591 regnum

233 1607 399 1662 Affiigit
433 1608 621 1659 assidue,
655 1608 910 1661 111611111116,1
947 1615 1083 1662 peste,
1116 1609 1244 1658 fame,

174 1679 337 1721 Idcirco
370 1679 546 1721 veniunt
578 1679 702 1720 nobis
735 1679 949 1720 contraria
981 1679 1085 1730 fata7

232 1750 484 1792 Horrendae
519 1757 702 1803 strages,
736 1750 909 1804 publica
942 1750 1112 1801 (16111116,
1147 1764 1289 1792 neces.

172 1822 307 1863 Terra
339 1828 471 1875 negat
502 1821 664 1875 fruges,
700 1828 741 1863 et
774 1822 899 1863 vinea
932 1822 1046 1863 culta
1078 1835 1285 1865 1110611103.

233 1892 350 1934 Silva
383 1906 464 1934 nec
496 1893 685 1934 hirsutas
719 1892 898 1947 praebet
932 1900 975 1933 ut
1009 1900 1108 1934 ante
1143 1893 1270 1941 feras,

172 1964 287 2006 Aura
320 1971 474 2018 patens
508 1965 717 2015 volucres,
751 1965 905 2018 planus
938 1977 1018 2005 nec
1052 1977 1228 2017 campus
1263 1964 1432 2009 aristas,

231 2035 322 2077 Nec
355 2036 501 2077 tribuit
533 2036 692 2090 pisces,
726 2043 769 2076 ut
804 2036 935 2089 prius,
969 2034 1118 2076 unda²
1152 2048 1299 2088 vagos.

174 2106 269 2148 Non
304 2107 453 2148 dulces
485 2107 672 2148 mellona
704 2107 827 2148 favos
861 2120 1131 2161 pomonaque
1166 2106 1345 2152 Baccas,

232 2178 323 2219 Nec
357 2179 527 2220 solvunt
560 2178 671 2219 horti
705 2179 870 2219 semina
901 2178 1014 2219 iacta
1048 2178 1170 2231 pigri.

174 2249 382 2290 Continue
416 2256 545 2291 vexat
578 2250 721 2291 rabies
755 2249 1010 2291 saevissima
1043 2248 1191 2292 morbi.

233 2320 285 2361 Et
320 2321 443 2363 civile
477 2322 658 2375 nephas,
694 2320 866 2361 horrida
897 2321 1013 2362 bella
1046 2321 1170 2362 domi.

173 2391 348 2433 Prodita
382 2398 479 2433 sunt
512 2399 684 2433 nostrae
718 2392 944 2433 temeraria
977 2392 1139 2445 praelia
1173 2392 1328 2445 gentis*

232 2463 447 2517 Perpetuo
481 2464 597 2504 nullo
632 2470 742 2505 ‘teste
777 2463 999 2517 probanda
1033 2469 1215 2504 manent.

171 2535 291 2576 Haec
325 2535 481 2576 etenim
514 2535 631 2576 novit
664 2535 826 2576 Boreas
859 2534 1168 2588 Zephyrusque
1193 2533 1421 2583 secundus⁷

231 2605 358 2647 Novit
392 2606 512 2647 dives
548 2606 698 2653 Arabs,
734 2606 893 2647 aurifer
926 2612 1053 2658 atque
1088 2605 1249 2658 Tagus.

171 2677 346 2718 Externi
378 2685 531 2718 norunt
564 2678 709 2732 populi
743 2690 848 2730 quos
883 2677 1056 2730 respicit
1089 2676 1257 2722 Auster,

232 2749 369 2801 Atque
405 2761 455 2789 ea
490 2756 586 2789 311111
620 2749 785 2790 cunctis
819 2748 991 2801 cognita
1025 2747 1138 2788 bella
1170 2747 1322 2800 plagis.

178 2898 187 2918 ¹
215 2900 397 2934 Grandine
424 2900 466 2934 A.
517 2900 529 2919 '⁸’
557 2901 651 2934 unde
680 2903 719 2933 A.
