1919 3273
282 93 352 128 490

282 244 327 279 tu
376 238 573 280 omnibus
621 239 838 280 amicitiae
886 241 1074 281 numeris
1120 241 1344 292 absolutis,
1394 241 1548 284 officiis
1593 242 1779 296 denique

283 309 619 352 cumulatissime
653 312 930 365 exaggeratis
964 325 1170 366 superare
1203 325 1270 354 me
1305 313 1543 365 contendis,
1575 313 1671 368 ipse
1693 327 1779 355 non

283 381 420 422 solum
468 395 553 423 non
599 382 864 436 respondere
897 389 1071 424 nostrae
1117 383 1440 436 necessitudini,
1487 385 1564 427 sed
1608 385 1778 427 omnino

281 466 404 494 meae
450 453 671 495 institutae
716 454 831 495 vitae
877 454 1050 506 oblitus,
1098 461 1140 496 et
1177 455 1311 496 veluti
1355 456 1547 509 gramine
1594 456 1779 509 quodam

281 524 397 577 apud
429 524 712 579 Lotophagos
740 530 905 579 pastus,
939 525 1139 567 beneficii
1164 527 1384 568 immemor
1405 527 1586 580 viderer,
1620 528 1779 569 iustae-

282 608 364 648 que
409 595 760 649 reprehensionis
807 601 951 638 notam
998 594 1041 651 (a
1075 610 1158 650 quo
1192 611 1274 651 ego
1313 597 1633 651 ingratitudinis
1677 598 1778 641 vitio

281 679 452 720 semper
484 667 538 708 ab
571 667 745 709 ineunte
780 674 924 709 aetate
959 667 1175 722 abhorrui)
1223 670 1365 711 sciens
1408 670 1684 724 prudensque
1717 669 1778 711 in-

280 751 507 780 currerem.
555 737 671 781 Cave
704 746 848 781 autem
881 747 1008 794 putes
1041 754 1108 781 me
1143 740 1285 782 officio
1319 741 1432 782 vinci
1464 755 1603 795 aequo
1637 741 1778 783 animo

279 822 410 863 posse
456 811 637 864 perpeti,
685 825 929 864 quanquam
974 812 1073 853 huic
1106 812 1168 853 rei
1205 813 1290 853 iam
1328 813 1493 867 pridem
1534 812 1684 854 sedulo
1717 813 1778 854 in-

279 880 471 933 cumbas,
518 882 709 935 nihilque
756 883 870 935 quod
916 883 971 924 ad
1014 883 1142 926 vitam
1189 884 1373 925 hominis
1419 898 1513 926 cum
1557 885 1777 939 inculpati,

278 957 367 993 tum
400 953 614 995 amicitiae
655 968 739 995 non
774 955 911 996 solum
946 955 1221 1007 quaerendae
1268 955 1346 997 sed
1380 962 1421 997 et
1453 956 1778 998 conservandae

280 1023 462 1065 studiosi
495 1031 677 1078 spectat,
725 1026 812 1067 ulla
846 1039 899 1067 ex
930 1033 1053 1080 parte
1087 1027 1164 1068 tibi
1197 1027 1321 1069 desit.
1370 1027 1481 1068 Num
1515 1027 1628 1069 enim
1660 1028 1703 1069 in
1735 1033 1778 1069 te

279 1094 490 1149 quispiam
523 1096 830 1150 integritatem,
864 1112 963 1139 num
997 1098 1140 1150 fidem,
1174 1112 1273 1139 num
1297 1099 1562 1153 religionem,
1596 1113 1698 1140 num
1717 1099 1779 1140 tui

279 1166 512 1208 amantium
537 1168 724 1210 studium
746 1169 1005 1222 requisivit?
1038 1170 1136 1211 Nun
1162 1170 1263 1223 quid
1290 1184 1375 1212 non
1396 1171 1457 1212 ita
1477 1170 1596 1211 tibia
1617 1171 1778 1212 teneris

281 1238 520 1291 ungviculis
566 1240 623 1280 ad
657 1240 836 1282 virtutes
882 1241 994 1283 viam
1040 1242 1270 1291 munivisti,
1317 1248 1362 1283 ut
1395 1254 1481 1283 non
1525 1242 1663 1283 minus
1704 1242 1779 1283 otii

277 1322 405 1362 quam
450 1311 615 1363 negotii
646 1312 855 1354 rationem
903 1322 1063 1365 extare,
1112 1320 1153 1354 et
1186 1313 1346 1354 firmius
1378 1313 1421 1354 in
1454 1313 1609 1355 virtute
1650 1326 1779 1366 quam

278 1381 450 1423 fortuna
508 1383 771 1436 praesidium
826 1385 1030 1426 collocari
1088 1392 1306 1439 oportere,
1358 1385 1779 1439 praestantissimum

278 1452 488 1495 duxeris?
522 1454 588 1496 An
621 1468 706 1497 non
738 1457 889 1509 procul
921 1456 1066 1498 vivere
1101 1470 1126 1497 a
1158 1456 1439 1511 popularibus
1464 1456 1592 1509 auris,
1627 1462 1668 1498 et
1692 1456 1777 1498 dis-

279 1525 439 1566 sentire
485 1525 540 1567 ab
575 1540 720 1567 eorum
753 1528 957 1579 moribus,
1005 1528 1077 1581 qui
1109 1534 1183 1569 aut
1215 1528 1405 1580 laedere,
1452 1534 1525 1569 aut
1556 1528 1776 1570 incessere

276 1596 470 1650 improbe
505 1611 593 1646 eos,
627 1598 879 1651 quibuscum
910 1606 1058 1653 agunt,
1083 1606 1413 1651 consueverunt,
1446 1599 1489 1640 in
1510 1600 1621 1641 votis
1643 1599 1776 1641 habu-

279 1667 386 1708 isti?
421 1668 558 1718 Quem
590 1675 635 1710 tu
668 1671 867 1711 molestia
899 1669 1121 1712 affecisti?
1155 1684 1280 1723 quem
1313 1677 1358 1711 tu
1391 1670 1602 1712 maledico
1647 1670 1776 1712 dente

280 1739 516 1793 carpsisti‘?
561 1742 681 1782 cuius
715 1748 760 1782 tu
793 1742 997 1783 honorem
1045 1749 1117 1783 aut
1155 1742 1315 1783 famam
1361 1742 1646 1796 depeculatus
1693 1741 1776 1783 es‘?

278 1811 399 1852 cuius
431 1817 477 1852 tu
509 1813 640 1854 vitam
675 1812 941 1855 excussisti?
986 1815 1053 1855 cui
1086 1827 1211 1868 porro
1258 1812 1567 1855 obnunciasti‘?
1615 1814 1776 1867 Accipe

275 1882 406 1936 igitur
437 1883 518 1924 has
550 1884 740 1938 Elegias,
787 1885 941 1937 fronte,
977 1899 1061 1939 qua
1093 1886 1129 1927 si
1162 1885 1264 1939 quid
1297 1898 1486 1926 nieorum
1520 1884 1576 1926 ad
1608 1891 1651 1926 te
1683 1885 1775 1925 mit-

275 1954 388 2007 titur,
431 1954 627 2008 jucunda
673 1957 949 2008 consuevisti,
997 1963 1039 1998 et
1072 1957 1185 1999 hunc
1229 1957 1420 1998 laborem
1454 1963 1660 2009 nostrum,
1707 1956 1776 1998 vel

274 2025 372 2066 ideo
407 2026 522 2079 quod
554 2033 626 2068 tuo
660 2028 832 2069 nomine
865 2029 1079 2082 vulgatur,
1113 2034 1373 2082 poetamque
1397 2029 1644 2070 aeternitati
1677 2041 1774 2069 con-

275 2103 430 2149 secrat,
465 2099 534 2140 vel
558 2099 594 2139 si
623 2099 684 2140 ita
706 2100 857 2152 mavis,
892 2101 1175 2154 perantiquae
1210 2100 1430 2141 amiciciae
1463 2106 1637 2141 nostrae
1672 2112 1774 2153 ergo

274 2169 376 2210 boni
409 2171 600 2212 consule.
634 2170 726 2212 Nec
760 2184 853 2212 sum
886 2172 1016 2213 animi
1049 2171 1220 2223 dubius,
1254 2171 1400 2225 plures
1433 2185 1458 2212 a
1480 2171 1642 2213 Ioanne
1662 2171 1774 2212 Pan-

275 2240 403 2281 nonio
436 2241 613 2294 Elegias
648 2243 832 2296 scriptas
867 2256 980 2295 esse,
1015 2256 1126 2296 quae
1159 2249 1303 2284 tamen
1338 2249 1410 2283 aut
1442 2243 1676 2297 perierunt,
1701 2247 1775 2283 aut

273 2311 513 2353 invidorum
558 2313 748 2367 indignis
793 2314 946 2355 loculis
994 2314 1274 2355 continentur.
1325 2313 1432 2355 Sunt
1467 2320 1509 2355 et
1540 2313 1773 2355 nonnullae

275 2396 423 2425 museo
446 2384 488 2425 in
511 2391 658 2426 nostro
689 2385 966 2439 Enyediensi,
990 2399 1197 2439 perquam
1223 2385 1383 2427 celebri
1404 2385 1772 2439 Transsylvaniae

274 2455 447 2508 oppido,
482 2468 661 2508 quarum
694 2457 797 2498 mihi
831 2458 999 2511 copiam
1033 2470 1242 2511 praesens
1272 2463 1456 2511 tempus,
1492 2456 1606 2509 quod
1637 2462 1773 2498 totum

273 2525 455 2568 bellicus
487 2527 605 2568 furor
637 2529 820 2582 excepit,
856 2535 897 2570 et
931 2542 955 2569 a
988 2528 1167 2582 genitali
1200 2529 1291 2569 solo
1327 2541 1454 2581 quam
1482 2527 1669 2569 maxima
1692 2527 1773 2568 soli

271 2596 552 2652 intercapedo
587 2600 753 2653 eripuit.
789 2600 894 2641 Dies
930 2601 1029 2641 olim
1053 2600 1143 2651 erit,
1179 2613 1263 2652 qua
1286 2604 1489 2653 poemata
1511 2599 1622 2641 vatis
1645 2598 1772 2640 huius

272 2669 428 2720 omnia,
461 2669 504 2710 in
538 2669 729 2711 ordinem
766 2678 808 2712 et
840 2685 1063 2712 numerum
1095 2671 1287 2723 redacta,
1321 2671 1499 2724 vulgare
1531 2669 1769 2712 maturabo.

272 2739 320 2780 In
353 2741 604 2793 praesentia
642 2755 728 2782 non
760 2742 840 2782 fuit
875 2742 1104 2793 sententia,
1150 2742 1242 2788 has,
1279 2742 1379 2795 quia
1410 2742 1453 2782 in
1487 2741 1679 2783 ordinem
1712 2742 1772 2782 in-

272 2819 506 2864 currerant,
541 2820 582 2854 et
616 2813 762 2866 magni
794 2813 1002 2854 intererat
1031 2813 1217 2854 auctoris
1251 2826 1335 2854 non
1380 2812 1559 2867 negligi,
1592 2812 1771 2853 inhono-

270 2888 388 2923 ratas
430 2888 475 2923 ut
520 2883 651 2937 potui,
700 2898 784 2925 non
824 2890 869 2925 ut
908 2884 1035 2934 volui,
1083 2885 1279 2926 transire.
1337 2884 1499 2926 Scitum
1545 2891 1612 2926 est
1657 2883 1770 2925 enim
