1955 3278
349 145 418 180 294

347 293 594 344 accesserit,
628 291 706 333 abs
739 298 781 332 te
816 291 961 333 statim
994 293 1169 333 comiter
1189 293 1436 344 accersitur,
1470 294 1666 336 convivio
1690 294 1836 336 huma-

347 364 521 405 nissime
556 363 797 413 adhibetur,
832 363 1027 405 omnibus
1060 363 1102 404 in
1134 364 1263 404 rebus
1296 364 1612 419 promptissime
1653 365 1836 418 iuvatur,

347 449 427 477 nec
460 436 539 477 abs
571 441 613 476 te
647 434 729 475 nisi
762 434 1192 476 honorificentissime
1220 435 1406 476 donatus
1429 435 1530 477 abit.
1566 436 1838 491 Quapropter

347 521 475 561 quum
520 519 602 560 ego
637 505 690 547 ob
723 512 820 547 tuas
867 507 1066 559 egregias
1101 520 1151 547 ac
1185 507 1426 559 singulares
1472 507 1601 548 animi
1638 507 1762 549 dotes
1796 515 1837 551 et

345 578 519 620 mirifice
566 578 763 627 colerem,
810 576 982 619 decrevi
1026 591 1165 618 meam
1209 579 1252 619 in
1287 584 1329 618 te
1373 578 1721 620 benevolentiam
1753 593 1837 622 non

346 651 538 692 clausam
558 650 602 690 in
624 655 798 703 pectore
822 649 912 702 pati
936 650 1057 701 quasi
1082 662 1366 701 marcescere,
1395 649 1473 690 sed
1493 663 1691 703 promere
1715 657 1757 692 et
1778 651 1838 692 ita

345 734 552 775 promere,
583 728 735 761 utnon
767 721 902 761 solum
926 727 984 771 tu,
1015 733 1160 761 verum
1194 720 1322 761 etiam
1352 720 1537 762 studiosi
1566 734 1715 763 omnes
1739 735 1837 775 cog-

346 798 589 843 noscerent,
614 798 799 845 quantus
822 792 864 832 in
883 798 924 832 te
943 804 1064 832 meus
1088 797 1182 832 eset
1200 805 1331 843 amor,
1351 797 1393 833 et
1415 792 1569 845 quibus
1586 793 1839 834 inniteretur

346 864 574 905 radicibus.
592 864 821 904 Enimvero
839 863 915 903 illa
928 875 1030 904 vera
1043 863 1231 904 iucunda
1245 861 1539 917 (iudicanda‘?)
1557 870 1624 905 est
1637 865 1837 915 amicitia,

348 949 458 988 quae
492 948 576 976 non
609 934 902 976 adulationem
935 934 1135 987 aliquam,
1171 932 1248 976 sed
1280 948 1440 976 meram
1475 935 1701 977 veritatem
1733 949 1837 989 prae

346 1021 392 1049 se
414 1007 565 1048 tendit.
602 1007 667 1047 An
690 1012 832 1046 autem
865 1005 975 1047 haec
1007 1019 1104 1046 mea
1137 1005 1190 1047 de
1214 1012 1256 1046 te
1280 1006 1415 1047 oratio
1443 1006 1554 1048 ullas
1578 1007 1838 1049 adulationis

346 1079 532 1132 ineptias
566 1091 669 1132 prae
710 1091 756 1119 se
793 1077 918 1129 ferat,
964 1090 1019 1118 an
1052 1091 1153 1119 vero
1185 1077 1280 1132 ipso
1313 1078 1453 1120 verior
1488 1078 1555 1129 sit,
1601 1085 1737 1121 tumet
1768 1079 1836 1132 qui

345 1151 406 1191 tui
438 1150 601 1203 ingenii
646 1149 839 1191 bonitate
886 1149 928 1189 in
962 1162 1008 1190 re
1040 1149 1214 1203 propria
1258 1163 1343 1190 non
1376 1149 1591 1203 deciperis
1635 1149 1836 1192 iudicato.

348 1221 574 1262 Caeterum
598 1227 643 1262 ut
666 1220 840 1273 aliquod
860 1226 1035 1262 nostrae
1057 1220 1271 1262 amicitiae
1295 1227 1504 1274 appareat
1527 1227 1837 1275 argumentum,

348 1293 585 1334 orationem
618 1306 745 1344 quam
769 1292 963 1333 Viennae
998 1292 1096 1333 olim
1121 1291 1175 1333 de
1197 1292 1396 1333 Amicitia
1416 1292 1561 1344 habui,
1594 1292 1671 1334 tibi
1694 1292 1838 1335 dicare

348 1365 534 1417 decrevi,
568 1378 653 1406 non
687 1364 801 1417 quod
833 1370 999 1405 tantum
1031 1364 1135 1405 mihi
1157 1377 1367 1418 arrogem,
1400 1370 1446 1405 ut
1467 1364 1599 1406 talem
1622 1378 1717 1406 eam
1741 1377 1838 1406 esse

347 1437 586 1478 existimem
620 1443 665 1477 ut
698 1436 804 1478 citra
838 1449 923 1477 non
956 1436 1167 1477 nullorum
1201 1435 1354 1489 quibus
1375 1437 1504 1477 etiam
1526 1436 1641 1477 bona
1663 1435 1838 1478 sordere

346 1514 663 1550 consveverunt
697 1508 873 1550 voculas
907 1507 1046 1561 possit
1079 1507 1351 1559 circumferri,
1387 1507 1465 1549 sed
1487 1507 1602 1560 quod
1623 1507 1726 1548 mihi
1746 1521 1839 1561 per—

346 1593 519 1621 suasum
554 1586 620 1621 est
652 1579 757 1631 fore,
804 1585 849 1620 ut
882 1579 960 1620 abs
993 1585 1035 1619 te
1069 1585 1112 1620 et
1143 1579 1267 1620 bonis
1304 1578 1500 1620 omnibus
1546 1579 1623 1620 sim
1657 1579 1838 1632 gratiam

347 1664 432 1692 non
464 1651 685 1706 vulgarem
718 1651 914 1703 initurus,
960 1651 1039 1692 abs
1072 1656 1114 1691 te
1148 1650 1333 1703 quidem,
1368 1650 1568 1702 quoniam
1600 1650 1839 1704 perspicies

348 1723 463 1776 quali
495 1736 587 1764 sum
620 1723 663 1763 in
695 1728 737 1763 te
772 1722 912 1763 animo
946 1727 988 1762 et
1021 1721 1123 1774 quid
1154 1722 1198 1762 in
1229 1721 1381 1763 laudes
1414 1726 1526 1773 tuas,
1560 1721 1596 1762 si
1619 1734 1714 1762 eam
1738 1721 1839 1761 mihi

347 1794 510 1847 ingenii
542 1794 783 1835 ubertatem
817 1793 876 1834 dii
909 1793 1242 1845 concessissent,
1289 1806 1373 1845 qua
1405 1793 1467 1834 rei
1504 1792 1841 1846 magnitudinem

346 1878 520 1919 possem
554 1865 798 1906 substinere
831 1870 1112 1918 praestarem,
1146 1877 1171 1905 a
1193 1864 1318 1906 bonis
1345 1864 1556 1915 omnibus,
1591 1863 1691 1916 quia
1713 1877 1842 1916 quum

347 1950 414 1977 me
449 1942 615 1990 gratum
648 1937 783 1978 virum
817 1942 859 1977 et
890 1935 1096 1977 bonorum
1143 1935 1381 1976 studiosum
1415 1948 1514 1976 esse
1548 1935 1840 1988 cognoverint,

350 2021 435 2049 non
458 2014 658 2062 poterunt
681 2021 747 2048 me
772 2021 857 2048 non
881 2020 1038 2059 amare,
1069 2007 1330 2059 credentque
1354 2020 1493 2047 meum
1515 2006 1558 2047 in
1591 2013 1633 2047 te
1655 2006 1841 2048 studium

351 2080 437 2120 tale
471 2093 640 2132 quoque
673 2079 859 2120 futurum
894 2079 1019 2132 quale
1052 2079 1094 2119 in
1127 2084 1169 2120 te
1191 2091 1289 2119 6556
1313 2078 1623 2132 perspexerint.
1658 2078 1764 2119 Vale
1789 2091 1841 2119 ex

352 2151 528 2192 Vienna.
564 2150 661 2192 SeX.
696 2150 919 2192 Kalendas
953 2149 1164 2209 Octobris.
1198 2149 1393 2191 M.D.X.

400 2301 830 2337 Reverendissimus
862 2300 912 2336 in
939 2300 1122 2337 Christo
1155 2300 1279 2347 patri
1306 2301 1353 2336 et
1378 2299 1562 2335 domino
1596 2299 1792 2346 Georgio

399 2361 630 2407 Episcopo
665 2360 1155 2408 Quinqueeoclesiensi
1189 2359 1523 2396 Ioanantonius
1558 2358 1792 2395 Modestus

990 2420 1029 2456 S.
1056 2420 1101 2455 P.
1130 2419 1207 2455 D.l

472 2530 480 2538 .
507 2530 515 2538 .
539 2530 546 2537 .
571 2495 708 2546 Quum
732 2509 814 2549 ego
846 2495 988 2537 adhuc
1009 2495 1052 2536 in
1072 2494 1196 2536 Italia
1221 2507 1407 2547 agerem,
1442 2493 1718 2546 audiremque
1741 2493 1838 2535 sub-

352 2567 451 2609 inde
475 2581 501 2608 a
520 2568 677 2619 multis,
713 2568 784 2619 qui
816 2567 1051 2620 Ungariam
1082 2566 1383 2617 lustraverant,
1411 2571 1508 2606 tuas
1538 2565 1738 2618 egregias
1759 2565 1838 2606 vir-

353 2645 466 2679 tutes
499 2639 613 2679 omni
644 2638 818 2679 laudum
851 2638 1081 2692 praeconio
1121 2636 1343 2687 celebrari,
1389 2637 1492 2676 miro
1527 2635 1711 2688 quodam
1745 2635 1840 2688 cepi

353 2709 536 2763 flagrare
553 2708 768 2750 desiderio
784 2708 892 2749 tanti
905 2707 1118 2761 praesulis
1132 2706 1320 2758 videndi,
1335 2706 1564 2757 salutandi,
1575 2705 1837 2758 alloquendi3

475 2802 484 2819 ¹
516 2800 765 2841 „Ioanantonii
792 2800 949 2835 Modesti
978 2799 1101 2834 Umbri
1128 2799 1248 2833 Oratio
1277 2799 1321 2833 de
1344 2799 1533 2833 nativitate
1567 2798 1723 2832 Domini.
1750 2798 1838 2831 Eius

354 2850 436 2883 dem
463 2849 647 2892 Ulysses.“
688 2848 720 2881 A
748 2848 871 2892 konyv
897 2846 1037 2891 vegen:
1082 2847 1216 2891 „Typis
1244 2857 1263 2881 e
1291 2849 1423 2890 stagno
1461 2845 1626 2890 effigiata
1666 2848 1723 2880 est
1748 2845 1839 2879 haec

354 2896 469 2930 oratio
496 2896 658 2930 Viennae
686 2895 858 2929 Austriae
884 2895 1095 2938 Hieronymi
1114 2894 1271 2927 Victoris
1298 2893 1486 2927 industria.
1512 2893 1562 2926 IX
1580 2892 1659 2926 Kal.
1686 2893 1838 2927 Novem-

353 2944 459 2978 bris.“
490 2942 781 2977 Esztendo'szam
809 2943 928 2986 (1510)
956 2940 1092 2982 nelkiiL
1118 2940 1405 2985 negyedretben.
