1955 3278
85 290 153 324 355

85 645 154 680 360

1499 139 1567 173 307

234 280 297 328 He
332 286 486 334 gentes
520 281 634 328 socie
668 280 860 321 sobolem
888 294 983 322 cum
1007 287 1230 323 stemmate
1254 283 1428 324 mixtam

233 351 492 393 Teucrorum
517 357 756 405 agnoscent
777 357 911 392 ortam
937 352 1016 393 sub
1038 353 1201 406 origine
1222 353 1419 407 priscam,

232 422 355 464 Hunc
387 422 560 475 hylares
593 421 768 464 Videant
799 435 946 475 regem
978 424 1182 476 vultuque
1222 425 1409 466 salutent

233 493 286 533 Et
319 492 380 534 sic
412 506 484 534 ore
518 493 639 546 gravi
673 499 849 534 cernant
881 500 967 534 tam
1000 493 1134 535 Marte
1159 494 1424 536 frementem.

233 564 546 617 Imperiumque
580 564 661 606 sibi
691 563 774 604 iam
808 564 920 605 victo
954 563 1113 606 Cesare
1146 565 1332 618 tradunt,

233 635 394 688 Regius
425 635 497 676 ille
531 634 611 676 sibi
642 634 776 676 frater
808 635 1060 676 coniunctus
1093 636 1135 677 in
1169 649 1288 678 arma

233 705 314 747 Ibit
348 712 389 746 et
420 705 463 746 in
496 706 658 759 campis
692 712 921 747 connectet
952 706 1080 747 fortia
1115 713 1268 748 castra.

155 796 160 801 ·
232 777 540 830 Ingentemque
574 776 747 830 globum
779 777 877 818 telis
911 777 1091 818 sociabit
1124 778 1284 819 amicis.

86 1000 153 1034 365

87 1356 155 1389 370

87 1712 154 1746 375

89 2069 156 2102 380

91 2425 158 2459 385

94 2782 162 2816 390

232 849 368 890 Ambo
401 854 554 901 regent
585 848 770 889 tumidos
804 848 992 890 Venetos
1015 849 1247 901 turmisque
1270 850 1431 891 severis

232 919 411 960 Illiricos
443 918 551 960 fines
584 919 816 961 vastabunt
848 919 979 960 milite
1012 920 1155 961 multo.

233 990 583 1043 Dalmaticosque
617 991 735 1031 sinus
768 1004 1021 1043 quecunque
1045 991 1100 1031 ad
1121 990 1272 1038 federa
1294 991 1451 1032 ducent

234 1061 286 1102 Et
321 1060 486 1113 Graios,
522 1074 770 1114 summoque
804 1061 895 1103 orbi
928 1061 1105 1104 donabit
1136 1062 1345 1103 habenas,

233 1132 353 1173 Alter
385 1145 518 1185 eques
550 1132 705 1175 validis
738 1132 911 1174 nimium
945 1134 1169 1187 speciosus
1201 1133 1244 1174 in
1277 1133 1405 1174 armis

236 1204 385 1244 Fratre
419 1216 508 1255 suo,
542 1210 729 1245 veterem
762 1204 921 1257 gemini
952 1204 1190 1245 fundabitis
1222 1204 1370 1245 urbem

235 1275 412 1316 Extruet
443 1275 536 1329 ipse
569 1275 708 1328 magis
742 1289 824 1328 quo
856 1288 942 1316 non
975 1276 1194 1317 sublimior
1226 1275 1334 1316 alter

234 1345 331 1387 Non
364 1347 442 1387 erit
473 1346 517 1387 in
549 1347 721 1400 populo,
756 1352 798 1387 et
828 1347 933 1387 ritus
966 1347 1080 1388 volet
1115 1360 1212 1388 esse
1245 1346 1416 1397 latinos,

235 1416 428 1459 Divisam
461 1423 505 1458 at
536 1424 709 1471 gentem
742 1423 785 1458 et
815 1418 1032 1459 Romanas
1066 1418 1192 1458 altius
1225 1430 1348 1458 arces

232 1489 409 1529 Emittet
441 1489 533 1537 celo
567 1502 820 1541 sursumque
853 1489 998 1531 volare
1031 1488 1197 1530 iubebit

233 1560 412 1601 Lumine
446 1560 614 1601 sidereo
647 1560 731 1600 iam
764 1566 880 1601 tecta
911 1560 1118 1601 minantia
1149 1559 1364 1614 princeps.

234 1631 412 1672 Dixerat
445 1637 487 1672 et
518 1631 692 1672 tandem
725 1631 895 1672 monitis
922 1631 1003 1672 hec
1028 1644 1191 1672 summa
1213 1631 1430 1671 remansit.

234 1703 393 1744 Annuit
425 1703 687 1756 armipotens
721 1710 763 1744 et
796 1703 909 1751 sevis
942 1702 1103 1743 horruit
1136 1702 1263 1744 armis

234 1773 429 1823 Quantus
461 1774 503 1814 in
538 1772 720 1827 Odrysio
754 1787 852 1815 sese
885 1773 1118 1814 Mavortius
1151 1786 1253 1814 arvo

236 1844 465 1887 Ostentare
498 1845 608 1886 solet
638 1844 920 1899 rapidumque
943 1844 1213 1898 perambulat
1244 1843 1434 1884 Hebrum

235 1916 326 1958 Axe
358 1916 493 1966 ferox,
526 1915 699 1958 Geticas
731 1915 982 1957 infrendens
1015 1916 1192 1969 proterit
1226 1928 1338 1956 oras.

235 1987 339 2029 Inde
373 1988 489 2042 cupit
522 1988 653 2029 cicius
687 1987 829 2029 verbis
862 2000 1015 2041 parere
1049 1986 1250 2040 repostis.

235 2059 348 2100 Mars
370 2059 500 2107 venit,
535 2066 577 2100 et
598 2059 777 2100 veniens
800 2059 976 2099 multum
995 2058 1089 2099 fera
1109 2057 1196 2098 tela
1219 2056 1444 2098 sonabant.

238 2129 456 2171 Stridebat
488 2130 666 2184 clypeus
698 2129 891 2171 referens
924 2135 1200 2169 monumenta
1232 2127 1423 2175 Medusc.

238 2200 574 2255 Gorgoneasque
608 2209 745 2251 notas,
780 2201 943 2242 celatus
978 2206 1019 2241 et
1052 2199 1178 2252 egide
1213 2205 1332 2240 secta

237 2273 419 2314 Pectora
450 2273 673 2327 Mopsopic
706 2267 904 2314 radiabat
927 2271 981 2322 (2³)
1016 2284 1139 2313 sacra
1162 2270 1362 2317 Minervc.

237 2344 355 2385 Illico
388 2351 486 2398 post
516 2344 666 2385 Elicen
700 2343 755 2385 ad
788 2357 834 2384 se
867 2348 1098 2394 natumque
1131 2341 1282 2395 petivit

237 2415 525 2469 Aurigamque
558 2415 676 2456 iubet
708 2414 951 2468 spumantia
982 2413 1104 2454 frena
1137 2417 1313 2465 repente

238 2487 392 2540 Iungat
425 2487 559 2540 equis,
592 2487 826 2540 iungatque
859 2497 987 2539 pares
1018 2484 1061 2524 in
1090 2489 1211 2525 veste
1243 2482 1431 2532 nitentis,

239 2558 432 2600 Bistonio
466 2571 589 2600 curru
621 2558 806 2611 liquidas
839 2563 882 2598 et
914 2555 1107 2610 pervolet
1139 2567 1267 2595 auras

240 2629 442 2683 Belliger,
477 2629 679 2670 ardentes
713 2629 931 2670 stimulant
963 2627 1113 2679 auriga
1146 2624 1316 2678 iugales

239 2700 522 2754 Raptatisque
554 2700 664 2742 votis
698 2700 814 2741 acies
848 2698 902 2740 ad
935 2697 1104 2739 moenia
1137 2701 1336 2748 torquent

241 2773 294 2813 Et
327 2771 467 2813 subito
501 2784 647 2813 sacras
679 2776 911 2825 properant
944 2769 1133 2810 celerare
1166 2766 1314 2808 ruinas

241 2843 380 2896 Atque
414 2856 515 2885 suos
547 2843 623 2884 leti
653 2842 912 2884 meditantur
943 2841 1083 2881 visere
1115 2838 1300 2879 honores

242 2914 485 2956 Deseruere
518 2914 661 2967 polum
695 2913 858 2955 celeres
892 2918 1007 2953 astra
1037 2909 1180 2963 ignica
1212 2909 1406 2961 linquunt

1369 2989 1434 3022 20*
