1898 3278
1532 147 1576 180 79

96 299 218 326 meus
262 286 389 339 plane
434 292 560 327 natus
605 292 648 327 et
680 287 888 328 educatus
927 288 970 328 in
1002 287 1215 329 Musarum
1262 289 1369 341 sinu,
1415 296 1501 331 tam
1533 297 1574 331 te

97 363 211 397 amat
243 369 294 397 ac
338 356 539 398 observat
584 363 626 397 et
658 356 711 398 de
743 357 877 397 literis
923 370 1029 409 quas
1063 358 1245 410 ostendi,
1290 360 1467 401 multum
1501 360 1574 401 ad-

94 427 291 476 miratur,
326 427 492 480 rogavit
525 427 652 470 etiam
685 434 730 468 ut
763 440 839 468 suo
874 428 1041 469 nomine
1079 429 1253 470 inultam
1286 430 1362 471 tibi
1394 431 1574 472 salutem

94 511 312 550 reponam.
347 497 489 538 Pridie
521 498 617 539 idus
648 498 851 539 Januarii.
884 498 935 538 M.
951 498 1169 540 D.XV111.
1203 500 1346 553 Agria.

210 569 271 609 Az
293 571 446 609 ezutan
469 569 708 610 kovetkezo
743 571 790 610 es
813 569 933 610 Estei
952 569 1243 612 Herculeshez
1266 571 1443 613 intezett
1464 573 1576 615 level

92 639 183 680 kelt
214 639 355 680 Pridie
388 639 488 680 ldus
520 639 750 681 januarias
783 639 1000 680 MDXXV.
1034 641 1176 693 Agria.

303 771 342 811 p.
374 757 457 802 77„
483 756 550 800 78.
591 756 760 798 Caelius
788 757 876 798 Cal.
911 758 1066 799 ‚Iacobo
1099 758 1286 813 Zieylero
1320 760 1361 802 S.

211 886 218 893 .
246 886 251 891 .
279 885 285 892 .
310 851 355 892 In
382 852 666 906 exscriptione
688 852 924 893 Ptolemaei
947 853 1159 894 deferbuit
1182 855 1308 908 plane
1330 870 1481 898 recens
1501 858 1572 899 1116

89 923 286 976 impetus,
320 923 389 963 vel
422 922 740 976 sapientissima
773 922 1061 964 admonitione
1094 930 1167 965 tua
1200 926 1471 979 suffrenatus,
1505 928 1573 969 vel

89 993 318 1034 destitutus
341 993 505 1046 ingenti
528 993 603 1033 illa
628 1006 719 1047 spe,
740 1006 866 1045 quam
889 994 1091 1035 maiorem
1114 995 1274 1037 absens
1299 1005 1570 1051 conceperat,

89 1077 216 1117 quam
248 1077 456 1118 praesens
491 1063 727 1105 offenderit.
775 1064 883 1105 Puto
916 1064 993 1105 tibi
1026 1066 1130 1107 satis
1164 1075 1426 1120 compertum
1460 1082 1570 1119 esse,

88 1134 327 1176 custodiam
360 1149 385 1175 a
418 1135 553 1176 Balbo
599 1135 875 1188 gubernatori
919 1136 1118 1190 Agriensi
1161 1138 1423 1192 resignatam
1458 1153 1569 1182 esse.

87 1206 255 1258 Dignus
288 1205 418 1259 digno
453 1206 541 1246 erit.
574 1206 652 1246 Illa
683 1206 828 1258 itaque
853 1220 953 1260 spes
977 1207 1155 1259 effluxit,
1181 1208 1233 1250 de
1257 1222 1341 1261 qua
1363 1223 1571 1263 praesens

86 1277 253 1318 locutus
285 1276 445 1324 fueras,
492 1284 534 1317 et
567 1277 622 1317 ad
655 1276 870 1318 dominum
916 1277 1162 1320 Vatiensem
1201 1281 1438 1334 scripseras
1474 1316 1480 1322 .
1517 1315 1524 1323 .

84 1347 195 1388 Illud
241 1347 318 1388 abs
357 1354 398 1388 te
444 1347 648 1401 imprimis
693 1348 1005 1401 procurandum
1052 1349 1394 1403 diligentissime,
1439 1359 1484 1392 ut
1528 1353 1570 1393 in

85 1418 351 1459 nobilitatem
385 1418 510 1459 huius
543 1419 664 1472 regni
697 1432 823 1471 quam
856 1420 1034 1473 primum
1067 1421 1307 1473 asciscaris,
1343 1429 1383 1463 et
1409 1423 1451 1463 in
1475 1436 1568 1464 eam

84 1502 174 1529 rem
206 1489 548 1543 praerogativam
583 1490 888 1543 amplissimam
922 1492 1193 1544 assequaris;
1228 1493 1398 1546 quando
1433 1501 1568 1535 exter-

83 1572 164 1600 nos
183 1560 377 1601 homines
398 1561 627 1614 optimates
648 1561 719 1602 isti
740 1561 979 1611 fastidiunt,
1015 1576 1175 1615 eosque
1197 1564 1289 1605 sine
1313 1566 1567 1618 exceptione

83 1631 261 1672 reiicere
294 1631 557 1672 contendunt
590 1645 616 1672 a
648 1632 914 1683 sacerdotiis,
948 1633 990 1674 id
1016 1634 1128 1686 quod
1150 1642 1191 1676 et
1211 1635 1314 1676 mihi
1334 1636 1376 1676 in
1400 1649 1566 1677 omnem

83 1709 280 1743 eventum
325 1715 463 1743 rerum
507 1703 777 1757 impetratum
822 1704 962 1754 velim,
1009 1718 1093 1757 qua
1124 1706 1167 1746 in
1204 1719 1248 1747 re
1295 1707 1566 1748 autoritatem

82 1772 241 1814 domini
260 1772 476 1815 Vatiensis
498 1774 810 1828 implorassem,
844 1775 936 1816 eius
958 1776 1060 1816 mihi
1082 1790 1208 1818 aures
1228 1777 1380 1819 faciles
1400 1778 1565 1820 futuras

82 1843 417 1885 existimassem.
437 1878 466 1885 ..
490 1845 582 1898 Ego
601 1852 643 1886 te
662 1846 918 1899 propridiem
941 1846 1096 1888 videbo
1120 1861 1218 1888 nam
1241 1849 1376 1890 omnis
1399 1850 1565 1891 animus

80 1915 164 1955 iam
196 1915 238 1955 in
271 1915 437 1956 Italiam
471 1922 600 1968 atque
635 1916 744 1957 adeo
777 1917 953 1958 Romam
988 1918 1194 1959 anhelat.
1221 1953 1227 1959 .
1255 1952 1260 1957 .

183 2046 223 2086 p.
258 2032 328 2075 78.
378 2032 548 2075 Caelius
585 2033 673 2076 Cal.
709 2034 914 2076 Lada-§Zao
947 2034 1155 2088 Episcopo
1194 2036 1385 2079 Vatienst
1417 2038 1460 2079 S.

188 2127 363 2181 Accipio
379 2128 567 2180 quotidie
586 2129 920 2170 eminentissime
938 2130 1141 2181 Antistes,
1158 2131 1374 2185 singulare
1390 2134 1561 2186 aliquod

78 2199 281 2241 bonitatis
304 2208 346 2241 et
369 2200 714 2241 absolutissimae
745 2201 1022 2242 humanitatis
1052 2209 1151 2243 tuae
1184 2203 1470 2246 testimonium
1491 2238 1497 2245 .
1523 2240 1528 2245 .
1553 2240 1560 2247 .

78 2270 169 2311 Hoc
214 2271 377 2312 scilicet
421 2270 570 2312 deerat
614 2273 781 2312 cumulo
827 2279 991 2313 tuorum
1037 2273 1078 2313 in
1123 2287 1190 2315 me
1223 2274 1470 2327 officiorum,
1519 2283 1562 2317 ut

78 2340 282 2383 schedica
314 2341 441 2382 etiam
474 2342 663 2383 carmina
695 2349 737 2383 et
770 2344 893 2395 quasi
925 2343 1099 2385 abortus
1132 2358 1250 2385 meos
1283 2347 1559 2399 approbares,

76 2417 204 2464 atque
235 2412 296 2453 ita
327 2413 533 2466 probares
578 2419 623 2453 ut
654 2414 918 2455 nobilissimo
964 2415 1056 2468 regi
1089 2422 1131 2456 et
1163 2416 1373 2457 maximae
1405 2417 1560 2459 indolis

75 2482 258 2536 principi
279 2489 350 2524 tuo
372 2483 529 2524 iudicio
551 2484 802 2526 conciliares
822 2518 830 2526 .
856 2519 862 2525 .
886 2518 894 2526 .
927 2486 1020 2526 Tua
1048 2499 1149 2527 vero
1174 2486 1248 2527 illa
1270 2487 1399 2540 plena
1421 2490 1558 2541 gravi-

75 2559 164 2594 tate
197 2561 240 2594 et
271 2554 574 2595 amoenissima
605 2555 791 2608 quadam
814 2556 1024 2597 svavitate
1052 2557 1224 2598 condita
1246 2559 1428 2612 epistola
1450 2560 1558 2600 miri-

76 2623 155 2665 fice
188 2637 255 2665 me
288 2625 521 2666 oblectavit
554 2632 596 2667 et
618 2626 764 2667 tenuit.
798 2628 851 2667 At
884 2628 1071 2668 carmina
1103 2628 1146 2668 in
1178 2635 1343 2670 tantum
1376 2630 1557 2671 admira-

74 2694 200 2735 tionis
232 2702 477 2748 rapuerunt,
510 2703 556 2736 ut
588 2697 774 2738 nondum
808 2698 936 2751 plane
970 2698 1025 2739 ad
1046 2712 1113 2739 me
1145 2699 1285 2753 ipsum
1317 2701 1554 2743 rediverim.

75 2763 211 2813 Quom
244 2765 355 2806 enim
387 2780 551 2807 mecum
586 2768 740 2820 cogito,
775 2776 961 2821 quantae
995 2770 1077 2810 sint
1100 2771 1406 2824 occupationes
1427 2779 1556 2824 atque

73 2835 348 2876 avocationes
381 2842 494 2887 tuae,
527 2837 598 2879 vix
620 2839 723 2879 mihi
753 2839 835 2893 ipsi
858 2840 1100 2893 persuadeo
1131 2848 1172 2882 te
1202 2842 1270 2883 vel
1302 2842 1556 2884 succisivam

74 2905 257 2958 aliquam
282 2907 366 2948 diei
388 2916 553 2961 partem
573 2923 702 2963 posse
724 2910 876 2951 studiis
898 2911 1116 2965 impartiri.
1152 2912 1205 2952 At
1230 2926 1355 2965 quom
1376 2913 1554 2954 incredi-
