1919 3273
328 113 396 148 356

411 338 454 373 70

408 708 452 742 75

407 1077 451 1112 80

403 1469 447 1503 85

403 1839 448 1874 90

402 2208 445 2241 95

539 257 634 300 Heu
665 258 790 304 nimis
821 262 910 304 lato
943 264 1130 319 spatiata
1162 279 1313 321 campo

609 330 744 381 Musa,
778 332 969 376 divorum
1002 341 1180 378 tenuare
1214 343 1356 381 tentas

611 401 758 456 Gesta,
793 404 977 448 deducto
1010 407 1116 448 nihil
1149 414 1252 463 apta
1284 416 1411 452 cantu

668 474 831 517 Desine
865 477 1053 530 tandem,

538 556 618 599 Hic
649 556 854 612 fatigaret
885 567 1054 604 veteres
1088 569 1255 616 poetas,

609 628 741 682 Sique
774 630 1008 684 migrarent
1040 633 1248 676 Helicone
1281 636 1403 685 Muse

608 700 846 744 Perderent
877 717 1007 746 voces
1039 718 1326 760 numerosque
1359 709 1533 751 vellent

665 772 854 815 Prodere
888 775 1042 818 nullos

537 855 677 897 Tanta
710 863 808 898 sunt
840 857 971 912 Regis
1004 861 1284 903 memoranda
1316 863 1427 905 sacri

609 925 757 979 Gesta,
790 928 958 970 virtutis
990 929 1176 984 fideique
1208 932 1378 986 pignus,

606 997 661 1039 Et
692 998 794 1040 boni
826 1013 980 1052 mores,
1015 1001 1272 1045 documenta
1304 1017 1404 1046 vere

666 1069 932 1125 Iustitieque.

535 1150 634 1205 Ipse
668 1153 769 1205 quid
802 1154 941 1197 dicam
973 1157 1186 1210 probitate
1219 1171 1329 1210 rara,

604 1226 721 1268 Inter
753 1233 927 1269 ornatos
960 1227 1156 1271 homines
1189 1230 1370 1271 moranti

606 1298 759 1352 Deque
791 1300 928 1355 regali
960 1300 1185 1354 gravitate,
1220 1300 1360 1354 deque

664 1373 920 1427 Relligione.

534 1458 720 1500 Ausonis
753 1457 880 1500 cedat
914 1456 1081 1511 superis
1113 1455 1370 1498 recumbens

603 1531 751 1583 Terra,
786 1535 889 1583 quot
919 1527 1073 1570 laudes
1106 1540 1316 1582 peperere
1349 1527 1502 1579 fortes,

605 1601 802 1655 Quotque
837 1600 1017 1642 devictis
1049 1599 1222 1654 populis
1254 1599 1390 1640 tulere

665 1673 801 1727 Signa
833 1672 1030 1722 Quirites.

531 1758 621 1799 Iam
652 1763 776 1812 petes
808 1755 941 1797 foelix
972 1755 1068 1809 pius
1102 1760 1145 1796 et
1175 1754 1293 1808 prius
1325 1753 1601 1808 triumphans

606 1828 786 1882 Semper
817 1827 1000 1869 invictus
1033 1838 1272 1881 generosus
1306 1832 1434 1878 atque

605 1899 880 1954 Splendidus,
915 1897 1036 1940 divos
1068 1896 1322 1939 referendus
1354 1896 1465 1937 inter

664 1970 792 2013 Solus
825 1969 988 2011 haberi.

532 2053 637 2097 Vive
669 2053 919 2096 Vuladislae
953 2066 976 2094 o
1009 2051 1183 2093 nimium
1216 2051 1384 2102 beatus,

603 2126 649 2168 Si
681 2125 756 2167 tibi
788 2125 920 2167 cessit
953 2123 1086 2166 decus
1120 2135 1244 2164 omne
1277 2121 1441 2174 Martis,

601 2197 649 2239 In
682 2197 775 2238 dies
808 2201 973 2238 crescet
1004 2200 1078 2236 tua
1109 2193 1225 2235 fama
1256 2193 1380 2235 terris

661 2268 822 2310 Postea
855 2267 988 2309 coelo.
