1955 3278
54 741 122 775 375

54 1094 122 1129 380

53 1450 120 1484 385

50 1805 119 1839 390

51 2161 119 2195 395

52 2517 121 2552 400

234 237 266 277 F
269 237 442 278 rondosi
475 238 623 287 saltus,
657 237 851 290 germina
886 244 1039 278 cuncta
1075 239 1221 289 simu13

171 307 262 348 Illic
294 307 456 361 fragrat
489 308 641 349 humus
674 307 796 349 violis
830 308 1103 361 pulchrisque
1138 310 1304 356 rosetis,

234 377 503 419 Circumfusa
534 378 705 432 thymis,
740 379 1050 432 purpureisque
1086 381 1245 429 crocis3

172 448 252 490 Hic
284 449 432 490 blandi
465 449 590 490 flores
625 462 795 502 semper
827 449 879 490 de
914 450 1105 502 gramine
1140 459 1327 501 manant,

231 520 429 561 Mollibus
464 533 487 561 e
521 520 634 561 foliis
668 533 878 573 cynnama
910 533 1006 560 rara
1039 520 1184 561 fluunt,

171 590 262 632 Illic
294 590 502 644 planicies
534 590 648 640 rivis,
685 590 888 642 silvisque
923 592 1120 636 comesis,

231 661 405 714 Irriguis
438 661 584 708 hortis„
619 661 927 713 arboribusque
961 668 1093 714 patet.

174 731 442 773 Frondentes
475 731 631 772 adsunt
664 732 829 785 platani
860 732 1068 785 myrtique
1103 733 1311 784 salubres,

233 802 461 851 Quaelibet
495 802 565 843 hic
597 802 724 843 arbor
756 802 892 843 thuris
926 802 1056 843 odore
1092 810 1242 845 scatet.

171 873 249 914 Hic
282 873 468 927 Zephyri
500 886 671 927 semper
703 873 867 927 spirant
899 873 1125 915 foelicibus
1160 877 1287 925 auris,

231 944 278 985 In
311 945 418 985 lucis
451 945 647 985 volucres
681 944 868 985 carmina
901 944 1062 985 blanda
1095 952 1265 996 canunt,

173 1015 372 1057 Fundunt
404 1015 597 1056 fonticuli
630 1015 794 1066 latices,
829 1015 1065 1068 dulcesque
1098 1017 1299 1069 liquores,

231 1085 472 1127 Immortale
506 1100 679 1136 merum,
714 1086 872 1127 Nectar
905 1093 945 1127 et
979 1087 1258 1130 Ambrosiam.

172 1156 328 1198 Pandit
360 1164 401 1198 et
433 1157 633 1210 ingentes
667 1169 836 1211 semper
868 1158 1082 1199 vindemia
1114 1158 1275 1207 botros,

230 1227 392 1281 Iugiter
423 1228 661 1269 Autumnus
695 1241 850 1269 caerea
882 1242 1008 1282 poma
1041 1236 1170 1270 creat.

173 1298 267 1339 Non
300 1298 376 1340 tibi
408 1305 645 1353 tempestas
678 1312 759 1340 nec
791 1299 854 1340 vis
887 1299 987 1340 furit
1019 1300 1191 1341 horrida
1224 1302 1350 1349 venti,

231 1370 322 1411 Nec
355 1369 499 1423 gelido
532 1377 687 1411 terram
720 1383 814 1411 rore
847 1371 1000 1424 pruina
1032 1371 1151 1424 tegit.

171 1440 294 1482 Veris
329 1447 370 1482 et
402 1441 604 1481 Autumni
638 1441 836 1482 concordi
868 1441 1044 1482 foedere
1078 1443 1199 1496 leges

231 1512 464 1553 Servantur
495 1512 624 1563 licite,
659 1519 850 1566 tempore
884 1520 1105 1566 perpetuo⁷

170 1583 260 1624 Illic
293 1591 409 1624 tecta
442 1584 577 1625 nitent
610 1584 802 1637 gemmis,
836 1584 1058 1637 rutilisque
1093 1586 1346 1639 smaragdis,

231 1655 349 1696 Atria
382 1656 511 1708 longa
544 1660 706 1709 patent⁷
740 1655 900 1696 lumina
933 1656 1112 1709 pulchra
1144 1657 1312 1698 micant.

170 1725 261 1767 Illic
295 1727 488 1768 centenis
522 1732 606 1767 stat
639 1726 826 1780 porticus
859 1727 947 1767 alta
980 1727 1200 1778 columnis,

230 1796 430 1838 Calcatus
463 1796 635 1838 nimium
670 1797 748 1838 sub
782 1797 892 1851 pede
926 1799 1038 1839 lucet
1071 1812 1195 1853 onyx.

171 1867 393 1921 Crystallis
412 1867 426 1890 1
458 1869 600 1922 paries
633 1869 772 1910 radiat
805 1868 1006 1910 distincta
1039 1871 1216 1916 serenis,

229 1939 409 1980 Lumine
443 1939 629 1982 iucundo
662 1940 781 1993 regia
816 1946 968 1994 sponte
1002 1942 1120 1982 nitet.

170 2009 446 2052 Gemmantes
480 2011 659 2065 pulchra
692 2012 858 2065 fulgent
891 2012 1108 2053 testudine
1141 2014 1253 2061 lecti,

227 2082 379 2123 Nullus
411 2089 455 2123 at
487 2082 556 2123 hic
588 2082 767 2124 Veneris
802 2082 980 2124 foedera
1012 2090 1136 2137 parta
1168 2084 1280 2126 colit.

172 2152 368 2194 Libertas
400 2160 565 2207 regnat,
600 2154 732 2195 virtus
766 2161 807 2195 et
839 2155 990 2207 regula
1023 2168 1198 2205 morum,

228 2224 424 2266 Foelices
456 2225 631 2266 umbrae
665 2232 765 2266 vota
798 2238 1036 2278 precesque
1071 2234 1241 2267 canunt.

168 2295 418 2349 Respiciunt
451 2296 586 2337 oculis
619 2295 847 2348 dominum,
881 2297 1130 2350 Regemque
1163 2304 1395 2351 potentem,

228 2366 281 2406 Et
314 2367 423 2408 coeli
456 2367 670 2408 dominam
702 2367 925 2421 relligione
960 2368 1115 2413 colunt,

170 2437 290 2479 Haec
321 2438 417 2479 loca
451 2438 688 2492 suscipiunt
721 2439 886 2480 animas
921 2439 1152 2491 tranquilla
1183 2439 1360 2493 piorum,

235 2508 338 2558 Quis
372 2509 479 2550 deus
511 2510 692 2550 instituit
726 2509 779 2551 de
814 2509 1006 2551 bonitate
1041 2523 1130 2552 sua.

173 2578 294 2629 Quae
315 2586 549 2634 praecepta
570 2580 639 2622 dei
660 2581 891 2622 servabant
917 2594 1087 2635 semper
1110 2581 1165 2622 ad
1188 2594 1388 2634 unguem,

230 2650 485 2692 Laudabant
519 2651 748 2703 dominum,
783 2658 972 2706 pectore,
1006 2658 1161 2696 mente,
1195 2651 1293 2702 fide,

172 2721 250 2762 Hie
283 2721 478 2763 habitant
512 2722 634 2764 Decii
667 2723 815 2764 merito
850 2723 1023 2776 pietatis
1057 2723 1232 2774 honore,

176 2870 184 2890 ¹
212 2869 401 2905 cristallis.
430 2863 517 2906 A‘bez
541 2873 683 2918 javitja,
710 2873 755 2907 de
782 2874 955 2917 Apponyi
983 2872 1238 2917 pelslztnyaban
1266 2875 1454 2917 he1yesen.
