1919 3273
312 112 382 147 350

395 337 439 371 30

397 712 439 744 35

396 1085 442 1119 40

400 1481 444 1513 45

401 1856 444 1890 50

403 2234 446 2267 55

405 2608 449 2641 60

525 257 655 297 Arma
688 269 770 309 quo
805 262 934 298 cantu
967 268 1197 297 memorem
1235 268 1390 296 sonoro

598 326 691 376 Quo
724 326 868 380 polum
903 332 1018 367 certe
1041 332 1270 381 penetrant
1294 338 1531 376 coruscum,

599 398 631 438 E
666 397 819 450 quibus
854 397 974 439 coelo
1009 397 1266 449 celebratur,
1299 397 1455 450 ingens

659 468 805 510 Gloria
838 468 972 510 terris.

528 558 572 600 Si
606 552 739 599 decus
771 563 937 598 tantum
970 556 1139 611 peperit
1173 556 1251 597 sub
1286 557 1429 608 armis,

597 630 767 683 Dignus
802 635 845 670 et
876 635 1021 670 tantus
1057 628 1188 669 titulis
1222 628 1402 680 videtur⁷

602 701 735 741 Roma
765 700 967 741 laudibus
1000 699 1252 752 reseresque
1286 713 1453 741 mecum

659 772 846 813 Maxima
877 784 1036 824 regem.

526 862 676 903 Prisca
708 861 792 902 iam
825 861 959 902 virtus
991 859 1131 911 rediit⁷
1165 859 1367 912 furorque

598 933 651 973 Et
685 932 818 973 duces
851 931 912 972 illi
943 931 1110 972 rediere
1145 930 1309 972 summi.

600 1003 711 1044 Nam
743 1010 868 1057 potes
901 1016 978 1056 per
1011 1015 1058 1043 se
1091 1007 1262 1044 veteres
1295 1001 1442 1043 videre

662 1075 798 1116 Roma
829 1073 1080 1128 triumphos.

526 1165 662 1206 Frons
696 1163 778 1206 sibi
809 1164 940 1218 plena
973 1168 1038 1204 est
1069 1162 1196 1216 rigidi
1227 1161 1403 1216 pudoris

599 1236 735 1278 Lucet
768 1241 810 1277 et
841 1235 957 1276 fastu
989 1235 1181 1288 gravitas
1214 1234 1423 1285 modesto,

603 1308 739 1358 Quem
773 1308 927 1349 timens
960 1306 1109 1348 hostes
1143 1305 1249 1347 socii
1281 1313 1483 1347 verentur

658 1379 781 1420 Miles
815 1379 978 1420 adorat.

532 1470 704 1511 Prestat
736 1469 805 1510 hio
837 1468 970 1509 multa
1002 1467 1164 1522 pietate
1197 1466 1412 1520 princeps,

602 1541 763 1582 Plenus
797 1546 838 1582 et
870 1540 1000 1588 multe
1034 1538 1260 1594 probitatis
1295 1546 1425 1589 extat,

601 1613 655 1653 Et
689 1612 777 1654 suis
811 1611 885 1652 dat
916 1611 1120 1652 iustitiam
1156 1609 1346 1651 subactis

667 1684 879 1725 Gentibus
912 1683 1081 1723 almam.

531 1774 755 1815 Proximus
789 1780 904 1814 certe
938 1772 1083 1825 superi
1115 1771 1299 1812 habetur

601 1846 691 1896 Ille,
727 1858 853 1898 quem
886 1850 1095 1885 monstrat
1127 1843 1250 1893 ratio,
1284 1855 1364 1882 1166
1396 1841 1456 1889 ire

601 1918 687 1958 Dat
720 1917 860 1958 locum
895 1922 936 1957 et
968 1915 1090 1969 punit
1123 1914 1231 1955 mala
1255 1913 1373 1954 faeta
1407 1913 1529 1966 pacis

664 1989 745 2038 Qui
778 1988 983 2029 bonitate.

532 2079 647 2120 Ense
682 2092 728 2119 se
760 2078 922 2118 iactent
955 2077 1027 2118 alii
1059 2076 1211 2128 timeri,

606 2150 723 2200 Quos
755 2150 873 2190 iuvat
904 2154 1027 2202 rapto
1062 2148 1278 2189 cumulare
1313 2160 1483 2197 census,

606 2223 721 2262 Pace
755 2227 799 2261 tu
832 2227 1007 2272 torques
1041 2219 1236 2260 facerent
1268 2217 1437 2271 tyranni

668 2292 792 2342 Quod
825 2292 1008 2332 feritate.

534 2383 630 2424 Non
663 2383 801 2424 fames
834 2381 939 2423 lueri
971 2387 1097 2423 vocat
1129 2380 1185 2421 ad
1218 2379 1411 2433 rapinam

608 2454 756 2495 Oeium
789 2466 870 2494 neo
902 2459 943 2494 te
976 2458 1103 2494 vocat
1135 2451 1190 2492 ad
1224 2451 1424 2504 quietem,

606 2526 701 2567 Non
735 2525 790 2566 ad
821 2524 1023 2565 infandos
1056 2522 1236 2564 Veneris
1269 2534 1468 2563 recessus

668 2596 836 2638 Blanda
868 2597 1079 2649 voluptas.

538 2687 642 2737 Quis
677 2686 736 2727 tui
770 2686 892 2727 dotes
927 2685 1058 2726 animi
1091 2683 1316 2737 superbas,

608 2758 730 2799 Bella
764 2757 858 2810 quis
890 2762 1034 2797 narret
1066 2754 1298 2796 manifesta
1331 2753 1509 2804 eunetis,

606 2829 660 2869 Et
692 2835 753 2869 tot
786 2836 826 2868 et
859 2833 1002 2868 tantos
1034 2826 1194 2867 referat
1226 2825 1462 2879 triumphos

670 2900 890 2953 Sanguine
924 2896 1107 2952 partos?
