1919 3273
1529 102 1601 136 489⁴

105 325 334 368 Adrianus
364 327 632 380 Volphardus
660 327 1000 381 Transylvanus,
1026 327 1354 369 Protonotarz‘us
1387 328 1597 382 Apostoli-

107 411 192 450 ezcs,
210 398 456 440 Reverendo
474 398 662 440 Domino
682 398 869 439 Thomae
882 398 1064 446 Pellaeo,
1082 398 1392 441 Archidz'acono
1415 398 1600 442 Ozdeozsz'

291 473 329 510 et
367 469 582 511 canonico
613 469 789 511 Albensi
826 469 866 510 T
864 469 1215 522 ransylz-amensi
1248 470 1290 512 S.
1323 470 1381 512 D.
1400 470 1413 492 ¹

228 600 332 640 Cum
379 613 515 654 nuper
558 600 867 653 panegyricum
914 600 1086 641 Ioannis
1134 601 1347 642 Pannonii
1393 603 1598 657 Episcopi

109 669 559 723 Quinqeecclesiensis
591 672 634 711 in
666 671 812 712 Iacobi
844 670 1016 712 Antonii
1038 672 1228 713 Marcelli
1250 673 1404 714 Veneti
1424 674 1597 715 laudem

109 742 422 792 concinnatum,
465 755 516 783 ex
548 742 711 783 incuria
744 742 960 783 hominum
993 743 1238 796 neglectum
1272 749 1314 784 et
1344 744 1505 785 librarii
1536 745 1599 785 in-

110 813 234 854 scitia
257 813 451 867 pluribus
480 813 758 854 defoedatum
779 813 958 864 mendis,
989 814 1155 855 Thoma
1184 815 1454 866 amicissime,
1476 816 1599 857 resti-

109 892 229 925 tuere
265 897 469 934 conarer;
518 890 718 936 totusque
751 884 793 924 in
825 884 883 936 id,
929 898 983 924 ne
1017 885 1186 926 silentio
1219 891 1304 926 tam
1349 887 1599 940 praeclarus

107 956 216 997 liber
259 956 561 1007 involveretur,
606 955 911 1003 incumberem,
958 961 1002 995 ut
1046 957 1290 997 maturrime
1339 958 1599 1011 vulgaretur,

108 1026 363 1080 praesertim
408 1026 521 1079 quod
555 1027 796 1079 exemplum
841 1032 1012 1080 praeter
1043 1027 1125 1068 hoc
1158 1041 1300 1079 unum,
1338 1028 1450 1080 quod
1483 1028 1599 1082 apud

108 1111 176 1139 me
208 1104 309 1139 tunc
342 1103 446 1146 erat,
482 1098 843 1149 constantissime,
877 1097 992 1138 aliud
1026 1111 1255 1151 superesse
1288 1099 1448 1140 nullum
1480 1099 1599 1140 multi

110 1168 374 1210 affirmarent
395 1184 402 1219 ;
434 1168 675 1210 inciderunt
697 1169 739 1209 in
763 1182 914 1210 manus
937 1183 1056 1210 meas
1081 1169 1273 1211 eiusdem
1296 1170 1467 1211 Ioannis
1488 1170 1599 1211 Pan-

109 1241 226 1282 nonii
259 1240 471 1293 quaedam
504 1240 698 1293 Elegiae,
744 1254 827 1281 non
861 1240 1004 1281 multis
1037 1247 1137 1281 ante
1172 1241 1308 1291 annis,
1347 1241 1600 1295 impressae,

111 1311 334 1365 elegantes
380 1325 485 1352 sane
531 1318 573 1352 et
612 1311 847 1364 jucundae,
892 1324 973 1353 nec
1004 1311 1143 1353 minus
1187 1311 1346 1365 leporis
1380 1312 1598 1364 antiquam

111 1383 318 1424 sermonis
353 1382 494 1423 Latini
525 1383 795 1424 maiestatem
821 1382 1055 1423 redolentis
1074 1383 1275 1435 refertae,
1310 1396 1434 1435 quam
1459 1382 1599 1423 erudi-

110 1454 237 1495 tionis
281 1454 426 1496 variae
472 1467 523 1494 ac
567 1454 812 1507 multiplicis
861 1454 1156 1504 abundantes,
1207 1467 1382 1507 quarum
1414 1455 1599 1495 lectione

111 1526 336 1580 plurimum
369 1525 625 1577 oblectatus,
658 1525 868 1566 facturum
901 1539 968 1566 me
1002 1539 1159 1579 operae
1182 1525 1363 1579 pretium
1395 1525 1601 1566 studiosis

112 1596 307 1650 poeticae
342 1602 384 1637 et
416 1597 612 1637 manibus
647 1596 836 1637 defuncti
870 1596 982 1637 vatis
1014 1596 1131 1637 velut
1162 1596 1285 1637 iustis
1320 1596 1483 1645 solutis,
1513 1609 1602 1637 rem

111 1668 223 1722 piam
270 1674 312 1709 et
355 1674 521 1722 gratam
568 1668 821 1719 existimavi,
869 1668 904 1708 si
937 1681 1012 1708 eas
1057 1667 1299 1708 accuratius
1341 1667 1602 1721 recognitas,

111 1740 312 1793 repositis
346 1739 474 1780 etiam
509 1740 579 1792 qui
610 1740 653 1780 in
686 1739 791 1793 ipsis
826 1738 1184 1780 desiderabantur
1216 1738 1426 1789 versibus,
1461 1751 1602 1779 emen-

113 1810 300 1852 datiores
333 1810 630 1854 reddidissem,
665 1811 841 1863 fereque
862 1809 1115 1850 tantundem
1139 1809 1349 1850 hactenus
1377 1822 1461 1850 non
1484 1809 1602 1850 visas

112 1882 323 1936 prioribus
355 1882 487 1924 veluti
518 1895 748 1935 germanas
782 1887 824 1922 et
856 1881 1115 1934 postliminio
1138 1881 1181 1921 in
1204 1881 1386 1934 patriam
1408 1879 1604 1921 haeredi-

112 1958 244 1994 tatem
274 1961 473 2008 receptas
508 1953 837 1995 coniunxissem.
870 1953 1027 1993 Verum
1060 1951 1287 2005 angustiae
1321 1951 1527 2005 temporis
1561 1957 1603 1991 et

114 2024 240 2065 solita
273 2025 386 2066 circa
417 2025 554 2078 leges,
596 2038 771 2077 quarum
807 2023 947 2064 studio
981 2030 1142 2073 teneor,
1178 2022 1499 2076 occupationes,
1533 2022 1605 2063 vix

115 2096 220 2136 satis
254 2096 328 2137 otii
351 2096 593 2137 destinatae
618 2095 868 2148 diligentiae
893 2094 1243 2148 suppeditabant.
1268 2093 1437 2134 Placuit
1458 2093 1604 2145 itaque

114 2180 140 2207 a
173 2167 390 2208 consuetis
425 2166 577 2208 studiis
611 2167 934 2219 aliquantisper,
970 2165 1092 2217 quasi
1115 2165 1197 2205 mei
1220 2163 1451 2217 colligendi
1471 2176 1604 2204 causa

114 2237 171 2279 ad
193 2238 505 2280 mansuetiores
529 2236 806 2278 humanitatis
823 2236 983 2286 literas,
1009 2249 1117 2289 quae
1141 2250 1207 2276 me
1234 2249 1259 2276 a
1281 2248 1414 2289 puero
1438 2248 1608 2288 semper

116 2309 397 2361 delectarunt,
445 2309 630 2350 animum
677 2308 909 2362 applicare,
957 2314 998 2348 et
1032 2307 1185 2348 cursim
1231 2306 1455 2359 expunctis
1493 2306 1607 2347 inter

114 2380 345 2434 legendum
378 2380 733 2426 redundantibus,
769 2393 878 2432 quae
912 2378 1093 2419 maxime
1127 2377 1252 2418 huius
1279 2382 1435 2431 poetae
1469 2376 1604 2429 digni-

115 2452 193 2492 tati
226 2451 517 2498 convenirent,
552 2464 780 2505 apponere.
816 2449 944 2490 Cuius
977 2448 1064 2490 voti
1097 2461 1271 2501 compos
1304 2447 1459 2499 factus,
1491 2460 1604 2488 com-

116 2523 281 2563 mittere
315 2523 445 2573 nolui,
480 2522 581 2575 quin
615 2520 1008 2563 lucubratiunculas
1041 2519 1161 2569 istas,
1195 2518 1272 2560 tibi
1298 2519 1382 2559 mei
1405 2517 1606 2559 amantis-

118 2593 223 2634 simo
257 2600 299 2635 et
344 2594 578 2635 studiorum
621 2592 664 2633 id
698 2604 835 2645 genus
881 2591 1094 2632 desiderio
1133 2589 1373 2631 incredibili
1405 2588 1607 2642 flagranti

117 2663 376 2717 dedicarem,
397 2670 554 2718 tuoque
578 2664 748 2705 nomine
771 2663 883 2716 typis
908 2674 1091 2703 excusas
1113 2660 1388 2715 publicarem,
1411 2674 1480 2712 ne,
1505 2660 1603 2701 dum

236 2827 247 2847 ¹
274 2827 382 2862 Ianus
409 2827 618 2862 Pannonius
637 2827 775 2861 tizenot
794 2824 952 2871 elegiaja
979 2824 1149 2866 1522-iki,
1177 2824 1352 2868 bolognai
1379 2823 1604 2858 kiadasanak

118 2885 279 2932 elejert'il.
