1919 3273
148 401 200 434 -35

157 772 203 806 40

157 1165 202 1197 45

151 1539 202 1573 ⁷50

161 1914 204 1947 55

162 2287 206 2321 60

166 2678 209 2711 65

290 248 458 290 Clamor
491 261 701 289 armorum
734 248 826 288 litui
859 254 1138 303 strepuntque
1170 248 1173 255 '

357 319 517 360 Ictibus
550 318 710 360 crebris
744 319 938 371 quatiunt
972 319 1209 375 Olympum,
1255 320 1259 323 ⁴

357 390 512 431 Milites
545 390 681 431 hastis
714 390 974 444 paribusque
1008 391 1188 433 miscent
1246 390 1249 391 ⁷

419 461 610 502 Verbera
641 461 809 515 pugnis.

287 550 352 590 Tu
385 549 489 590 colis
521 550 642 603 pacis
675 548 890 602 placidam
924 549 1123 602 quietem,

356 620 534 660 Militum
566 626 727 661 turmas
760 620 860 661 licet
894 621 1119 675 expeditas

355 691 539 732 Maximo
575 697 745 745 sumptu
778 697 1015 744 teneasque
1051 698 1093 733 et
1126 693 1217 735 alas

418 762 541 803 Bella
574 768 786 816 petentes.

285 850 453 892 Pendet
484 852 526 892 in
560 858 702 893 vestro
735 852 899 905 gremio
932 852 1086 905 quietis

357 921 480 974 Cura,
516 923 553 963 si
584 923 718 964 frater
749 929 847 965 tuus
878 923 950 964 ille
982 924 1111 965 Ianus

359 994 598 1047 Prepotens
632 1000 749 1035 extat
781 995 905 1035 lateri
937 995 1199 1049 propinquus

421 1064 600 1118 Semper
633 1072 675 1106 et
707 1065 876 1107 ardens.

288 1154 412 1196 Unde
446 1160 490 1194 tu
523 1160 668 1195 nostro
703 1160 935 1208 generatus
969 1166 1047 1203 Qvo

361 1225 502 1275 Solus,
537 1225 756 1277 antiquum
788 1225 981 1266 referens
1015 1225 1226 1277 decorem,

357 1297 562 1337 Romulus
595 1297 709 1338 bello
742 1296 892 1338 merito
923 1296 1077 1338 feraris

418 1368 471 1408 Et
504 1368 643 1408 Numa
675 1381 797 1421 pace.

289 1456 360 1499 Sic
392 1457 550 1498 micant
583 1457 772 1510 pulchris
806 1457 995 1509 equitum
1029 1457 1212 1499 catervis

358 1528 501 1579 Arma,
537 1527 615 1569 sed
647 1528 763 1581 regis
795 1527 912 1569 velut
944 1528 1055 1568 inter
1087 1541 1188 1569 aera

359 1599 475 1640 Inter
508 1605 581 1639 aut
613 1611 762 1639 aurum
794 1599 911 1640 velut
943 1598 1018 1640 illa
1048 1599 1193 1641 lucent

418 1671 546 1712 Astra
580 1683 770 1712 corusca.

290 1760 383 1803 Nec
415 1760 554 1800 minus
586 1772 720 1812 regno
755 1759 904 1800 similis
938 1757 1105 1812 parenti

359 1831 544 1873 Pulcher
576 1836 618 1871 et
650 1829 827 1884 pulchro
859 1830 1029 1871 veneris
1062 1842 1297 1884 neposque,

362 1902 489 1944 Visus
522 1902 668 1950 Aenec
703 1901 830 1955 Tyrio
863 1901 1118 1942 recumbens

420 1973 578 2014 Murice
612 1973 742 2014 Iulus.

290 2062 481 2116 Belliger
512 2062 635 2103 fortis
669 2075 809 2114 neque
842 2066 884 2102 te
919 2060 1054 2102 silebo

361 2134 513 2175 Ρ101110
547 2133 690 2174 audax
724 2133 863 2173 animo
897 2132 1062 2186 potenti

362 2205 479 2256 Iane,
517 2218 599 2257 quo
634 2204 762 2245 duros
796 2204 947 2245 melius
979 2203 1150 2245 labores

421 2276 556 2317 Nemo
590 2275 798 2328 refringit.

292 2364 541 2407 stemmatis
576 2364 678 2406 clari
710 2365 827 2405 velut
860 2363 985 2405 arbor
1018 2363 1154 2404 amnis

364 2436 560 2484 Herculis
594 2436 687 2489 ripa
719 2436 849 2488 viget,
887 2440 1014 2487 atque
1048 2434 1203 2475 crescit

365 2507 512 2557 Fama,
546 2520 623 2561 per
657 2519 846 2547 summas
881 2505 1057 2546 orientis
1092 2518 1189 2546 oras

424 2577 736 2630 Occiduasque.

296 2667 400 2719 Quis
435 2673 564 2721 queat
594 2668 706 2708 iusto
741 2666 923 2708 domitos
956 2665 1181 2719 triumpho,

368 2738 467 2780 Sive
503 2738 726 2779 Germanis
759 2737 941 2791 populos
972 2737 1015 2777 in
1049 2736 1132 2777 oris

366 2808 596 2863 Hungaris‚
631 2809 781 2849 Turcis
814 2807 1074 2860 reliquisque
1106 2805 1182 2847 lati

424 2880 623 2921 Partibus
657 2879 781 2921 orbis.

1357 2955 1424 2990 23*

1488 106 1559 142 355
