1955 3278
1497 136 1566 169 187

82 292 236 320 nomen
259 278 417 320 domini
450 278 736 320 benedictum.
773 278 932 318 Cavete
967 291 1082 331 ergo,
1117 277 1369 318 nobilissimi
1398 277 1568 328 fratres⁷

82 363 133 391 ac
171 349 398 402 diligenter
442 348 767 402 circumspicite,
806 361 860 388 ne
894 347 992 388 dum
1038 348 1209 389 nimiam
1246 355 1409 389 mortuo
1447 348 1568 390 fratri

82 420 328 474 plangendo
362 426 404 460 et
436 419 634 461 eiulando
674 419 878 473 pietatem
919 418 1145 469 exhibetis,
1189 419 1419 460 videamini
1451 419 1567 473 impii

81 491 124 532 in
157 490 297 541 deum,
331 491 451 532 cuius
484 491 745 531 voluntatem
781 496 925 531 vester
956 490 1129 530 nimium
1173 490 1364 543 lugubris
1403 491 1568 531 animus

82 575 262 615 arguere
303 566 497 602 testatur.
533 560 813 601 Considerate
831 560 994 613 pocius,
1029 573 1166 612 aeque
1200 574 1253 601 ex
1285 567 1437 601 natura
1471 574 1568 602 esse

82 632 186 673 mori
219 637 347 684 atque
376 631 510 682 nasci,
544 631 693 672 Frater
724 637 867 672 vester
900 636 1024 671 natus
1058 636 1150 671 erat
1183 637 1224 671 01-
1258 631 1429 683 quidem
1460 645 1568 673 mor-

81 703 199 754 talis,
250 702 350 755 quid
399 715 500 755 ergo
548 702 697 743 mirum
743 702 778 743 si
826 701 1052 742 mortuus?
1102 715 1228 754 quum
1273 702 1413 743 onmia
1458 716 1568 755 quae

82 779 314 815 nascuntur
356 773 582 824 intereant,
628 773 740 826 quod
789 786 914 825 quum
960 773 1083 814 vobis
1129 779 1244 814 cert-o
1291 773 1454 815 cercius
1500 775 1566 825 011,

82 844 182 897 quid
216 858 323 898 opus
357 850 422 886 est
455 857 531 886 vos
564 845 726 897 lugere,
768 850 809 885 et
842 858 908 885 me
942 850 1085 885 vestro
1119 844 1329 885 medelam
1363 844 1569 886 adhibere

82 916 228 967 dolori,
264 915 334 968 qui
365 916 448 956 iam
483 916 646 967 absque
678 915 806 956 dubio
841 921 882 956 et
902 922 1093 969 tempore
1127 922 1169 956 et
1193 916 1373 956 collecta
1405 916 1569 957 ratione

84 994 259 1028 sanatus
293 987 488 1028 cessavit.
524 986 594 1028 Sic
628 1000 729 1038 ergo
756 988 963 1040 languore
995 994 1036 1027 et
1068 987 1243 1041 planctu
1276 987 1412 1036 liberi,
1445 987 1570 1028 foeli-

83 1058 186 1100 citer
219 1058 371 1109 valete,
406 1064 534 1110 atque
567 1058 676 1100 haec
709 1058 951 1112 subscripta
988 1059 1220 1113 Epitaphia
1257 1059 1299 1099 in
1336 1071 1569 1112 perennem

82 1129 355 1170 illustrissimi
403 1129 545 1170 fratris
592 1129 725 1170 vestri
772 1130 1018 1170 memoriani
1067 1129 1212 1170 aedita
1245 1126 1302 1183 (l)
1354 1143 1380 1170 3
1427 1135 1570 1171 vestro

82 1199 284 1241 Ecchiolo
318 1200 487 1254 placide
522 1201 740 1255 suscipite,
781 1201 1027 1254 accaepturi
1061 1199 1107 1253 (1)
1147 1201 1201 1242 ab
1236 1214 1286 1241 00
1320 1200 1569 1254 propediem

83 1284 234 1311 munus
261 1271 392 1312 mult-o
418 1271 694 1325 praeciosius.
730 1272 887 1312 Iterum
909 1273 1063 1313 valete.
1101 1271 1395 1313 Gracehoviae
1425 1270 1477 1313 17
1502 1270 1573 1312 die

83 1341 336 1384 Novembris
369 1343 492 1383 Anno
524 1343 733 1384 incarnati
766 1343 885 1384 verbi
920 1342 1045 1386 1520.

173 1532 259 1573 Pro
303 1532 562 1585 amplissimo
597 1532 800 1586 110111ῑῖ1100
838 1532 1006 1574 dommo
1050 1532 1212 1574 Ioanne
1248 1531 1483 1573 Tlmrsone.

704 1603 956 1657 Epitaphia.

320 1723 507 1761 Maximus
541 1724 703 1761 antistes
737 1723 955 1761 Thursinae
989 1723 1112 1771 gloria
1144 1723 1282 1771 gentis,

381 1795 464 1831 Hac
497 1796 601 1832 tenui
636 1796 763 1843 posuit
795 1794 922 1832 flebile
956 1807 1096 1843 corpus
1128 1794 1256 1831 humo.

754 1948 792 1989 Α
799 1947 903 1990 liud,

296 2055 486 2093 Occubuit
515 2056 683 2104 praesul,
722 2057 807 2103 quis
842 2057 941 2093 enim
971 2055 1154 2093 fatalibus
1177 2055 1306 2093 obstet

351 2127 556 2175 Legibus?
591 2126 781 2165 Occubuit
814 2127 935 2175 gloria
971 2127 1206 2174 pontificum.

754 2278 901 2320 Aliud.

293 2387 591 2424 Wratislavinae
625 2391 754 2424 custos
788 2386 1037 2435 dignissimus
1071 2386 1179 2423 aedis

354 2458 521 2503 Thurso‚
557 2458 627 2495 sub
660 2457 733 2495 hoc
767 2470 873 2503 saxo,
907 2457 1029 2494 lector
1061 2458 1195 2502 amice,
1230 2458 1343 2495 iacet.

753 2599 902 2641 Aliml.

295 2707 358 2744 Nil
386 2709 521 2755 genius
551 2709 742 2748 eximium,
778 2708 829 2744 nil
855 2707 996 2744 robora
1027 2706 1148 2750 firma,
1183 2706 1363 2753 decusve,

356 2780 499 2816 Contra
530 2779 740 2816 Parcarum
773 2779 900 2816 tristia
931 2777 1011 2815 fata
1043 2778 1186 2814 iuvant.

266 2850 364 2886 Nam
398 2849 538 2887 cecidit
570 2849 723 2887 Thurso
757 2849 923 2897 praesul,
959 2849 1020 2885 0111
1052 2847 1175 2885 defuit
1200 2847 1335 2885 horum

325 2921 400 2958 Nil.
432 2924 560 2957 tamen
582 2920 656 2957 hiis
679 2932 823 2957 vacuus
847 2920 997 2957 scandit
1024 2919 1073 2955 ad
1095 2922 1200 2955 astra
1226 2918 1350 2955 bonis.
