1898 3278
1544 171 1590 204 47

109 318 259 359 visere.
296 317 382 359 Sed
416 316 468 357 de
502 316 567 357 his
601 315 722 356 alias.
758 314 882 363 Quod
913 314 1015 355 mihi
1048 314 1099 355 de
1133 315 1304 368 propria
1331 314 1590 356 liberalitate

109 387 193 431 140
225 388 426 437 obtulisti,
460 387 620 440 gratias
653 386 729 427 tibi
760 398 836 439 pro
856 391 1046 439 tempore
1079 386 1340 427 immortales
1363 399 1459 439 ago,
1482 398 1590 438 quas

107 458 336 511 aliquando
365 457 562 499 referam.
598 457 639 497 C.
668 456 909 497 Cornelium
932 456 1060 496 rebus
1084 456 1238 497 nostris
1261 457 1405 497 valere
1429 456 1589 498 dixisse

107 529 258 580 audi03
312 529 394 570 1106
427 541 507 581 ego
540 534 581 568 te
614 527 862 581 predicente
901 539 1200 579 cognoveram,
1246 541 1329 567 non
1363 527 1520 569 doleo.
1547 561 1555 568 .
1582 561 1590 568 .

108 598 412 654 ἀπρακτότατος
455 600 524 638 καὶ
567 598 800 651 καχεκτὴς;
846 597 979 651 probe
1024 597 1236 638 hominem
1269 599 1391 639 nosti.
1438 598 1592 639 Valeat

105 671 234 724 igitur
267 670 341 711 Sol
362 704 368 710 .
393 704 400 710 .
426 704 432 710 .
466 669 521 710 Et
552 669 646 722 ipse
671 674 713 709 et
733 668 799 708 sui
831 668 1004 709 similes.
1038 667 1127 708 Nos
1160 668 1242 708 hac
1265 671 1290 708 a
1313 668 1451 709 stabie
1474 674 1591 709 tene—

106 755 198 783 mus
230 754 410 795 ungues,
457 741 521 781 Tu
552 740 730 790 interea,
764 739 818 779 mi
852 738 952 780 Seb.
987 752 1088 779 cura
1120 744 1164 779 ut
1198 752 1324 791 quam
1356 739 1591 780 bellissime

107 827 201 854 cum
233 811 482 866 parentibus
515 817 600 852 tam
633 810 717 851 tuis
750 823 875 862 quam
908 810 1014 851 meis
1052 811 1213 852 valeas.
1258 810 1404 860 Rome,
1443 823 1591 851 mense

106 884 313 937 Augusto,
346 882 546 923 MDXHI.

107 1078 222 1114 Divo
238 1077 467 1114 Matthiae
476 1077 714 1124 Ungariae
732 1079 778 1114 et
793 1079 1011 1114 Boerm'ae
1027 1078 1244 1115 Sereniss.
1259 1079 1377 1125 Regi
1388 1078 1594 1125 Principi

107 1137 335 1174 Invictiss.
374 1137 606 1173 Antonius
644 1137 854 1174 Bonfinis
893 1137 1020 1174 Civis
1059 1139 1323 1174 Asculanus
1357 1140 1402 1174 et
1432 1137 1591 1174 Recin.

108 1196 481 1233 Translationem
524 1197 828 1244 Hermogenis
876 1197 1272 1233 Praestantissimi
1314 1197 1594 1233 Graecorum

194 1254 411 1291 Rhetoris
439 1257 485 1291 et
510 1255 819 1293 Iureeonsulti
845 1256 1169 1292 Excellentiss.
1196 1256 1278 1293 Pie
1306 1257 1503 1294 Dieavit.

107 1365 178 1406 Ad
209 1364 423 1406 Emathiam
452 1364 670 1420 Unyariae
696 1365 978 1419 Boemiaeqrce
1005 1366 1164 1421 Reyem
1188 1366 1369 1408 Antonii
1390 1366 1594 1418 Bonfinvis

362 1436 408 1478 in
444 1436 748 1478 traductionem
782 1437 1042 1492 Homoyemsss
1067 1437 1331 1490 prctefatc'o.¹

225 1543 469 1584 Alexander
514 1557 607 1584 611111
650 1544 860 1586 adversus
904 1545 1062 1586 Persas
1107 1546 1320 1587 traiiceret
1359 1546 1401 1586 in
1433 1546 1592 1598 Asiam7

108 1614 409 1669 simulachrum
444 1613 604 1669 Orphei
638 1615 752 1668 quod
783 1615 826 1655 in
859 1615 1045 1656 Libetris
1079 1624 1183 1668 erat⁷
1218 1616 1387 1658 sudoris
1416 1618 1593 1658 multum

108 1685 302 1726 emisisse
341 1685 493 1726 ferunt.
539 1686 630 1735 Quo
666 1686 837 1739 quidem
872 1693 1069 1740 portento
1104 1695 1147 1728 ut
1185 1701 1283 1729 mox
1328 1688 1594 1742 experientia

108 1755 263 1807 docuit,
299 1757 585 1810 sempiternae
619 1758 847 1798 memoriae
880 1758 992 1799 illius
1026 1765 1150 1812 gesta
1182 1759 1325 1799 futura
1346 1759 1593 1800 maximum-

109 1842 190 1881 que
235 1828 426 1870 laborem
471 1829 686 1870 Musarum
732 1830 963 1871 cultoribus
1009 1831 1191 1872 allatura
1236 1844 1333 1872 esse
1366 1831 1593 1885 portende-

108 1899 271 1941 bantur.
316 1899 588 1941 Resudarent
626 1901 708 1942 1106
743 1914 910 1954 1111011116
949 1908 1140 1955 tempore
1187 1902 1310 1955 siqua
1355 1903 1595 1944 colerentur

109 1970 300 2012 divorum
333 1971 591 2012 simulachra
624 1972 888 2025 scriptorum,
930 1972 1212 2014 Serenissime
1244 1974 1464 2027 Princeps,
1499 1987 1593 2015 cum

106 2055 191 2082 non
224 2042 428 2083 minorem
472 2042 720 2083 Latinorum
763 2043 948 2095 ingeniis
980 2044 1194 2097 praebeas
1240 2045 1427 2097 quotidie
1466 2044 1518 2085 de
1551 2051 1593 2085 te

109 2112 323 2154 scribendi
356 2114 590 2155 materiam.
625 2114 747 2155 Nunc
781 2120 923 2155 autem
957 2128 1051 2155 cum
1074 2115 1232 2168 ubique
1264 2116 1337 2156 illa
1369 2115 1594 2165 defuerint,

109 2184 350 2225 creberrimi
382 2197 572 2226 rumores
607 2185 676 2237 qui
708 2184 750 2225 in
785 2185 877 2226 dies
911 2199 1106 2239 quaeque
1139 2186 1403 2228 faustissima
1437 2193 1479 2227 et
1501 2186 1593 2227 feli-

109 2255 280 2296 cissima
312 2254 365 2295 de
398 2255 622 2296 maiestate
667 2261 740 2296 tua
773 2270 795 2296 e
831 2255 1130 2309 Septentrione
1176 2257 1231 2298 ad
1270 2270 1348 2298 nos
1381 2257 1593 2307 deferunt,

108 2326 237 2367 talem
272 2326 468 2367 sudorem
501 2340 585 2368 non
617 2326 742 2368 modo
777 2327 1032 2380 significant,
1078 2328 1155 2369 sed
1195 2329 1381 2369 humana
1419 2329 1595 2382 ingenia

108 2397 278 2451 rapiunt
323 2397 379 2438 ad
423 2397 727 2448 scribendum3
777 2399 877 2451 quid
923 2399 1048 2440 etiam
1095 2399 1301 2452 quidquid
1348 2400 1595 2454 scripserint

111 2468 330 2509 serenitati
361 2474 461 2509 tuae
496 2468 697 2510 dedicare
731 2476 888 2523 cogunt
921 2483 971 2510 ac
1003 2470 1093 2511 iure
1128 2471 1308 2523 quidem.
1357 2471 1465 2511 Nam
1499 2484 1594 2511 cum

111 2539 193 2580 duo
227 2539 323 2591 sint,
370 2539 522 2592 quibus
556 2541 737 2581 caeteris
783 2541 1070 2582 animantibus
1103 2550 1324 2596 praestare
1358 2542 1592 2593 videamur,

109 2610 216 2651 ratio
259 2610 431 2663 inquam
466 2617 507 2651 et
540 2611 687 2662 oratio,
734 2624 844 2663 quae
879 2618 921 2652 et
964 2612 1048 2652 illis
1092 2612 1344 2655 interdictae
1392 2620 1433 2654 et
1470 2612 1595 2654 nobis

110 2686 287 2722 naturae
322 2681 542 2735 privilegio
576 2683 781 2735 elargitae
815 2690 926 2734 sunt,
961 2683 1113 2736 quibus
1146 2684 1237 2724 Rex
1260 2685 1439 2737 quisque
1461 2684 1594 2724 muni-

231 2843 241 2862 ¹
268 2843 529 2887 Hermogensis
548 2844 739 2879 Tarsensis
767 2855 807 2878 ac
835 2845 1004 2880 Rhetoris
1024 2846 1222 2881 acutissimi
1242 2847 1287 2881 de
1305 2842 1394 2881 Arte
1416 2847 1595 2881 rhetorica

111 2905 316 2946 praecepta.
331 2902 533 2946 Aphthonii
551 2903 637 2937 item
656 2903 849 2947 Sophistae
864 2905 1247 2940 Praeexercitamenta.
1267 2906 1428 2940 Antonio
1442 2905 1594 2940 Bonfine

111 2961 297 2996 Asculano
323 2962 533 3006 Interprete.
561 2963 670 3006 Apud
698 2962 781 2997 Seb.
810 2962 1021 3007 Gryphium,
1047 2964 1226 3009 Lugduni,
1254 2966 1377 2998 1538:
