<?xml version="1.0" encoding="UTF-8"?>
<!DOCTYPE html PUBLIC "-//W3C//DTD XHTML 1.0 Transitional//EN"
    "http://www.w3.org/TR/xhtml1/DTD/xhtml1-transitional.dtd">
<html xmlns="http://www.w3.org/1999/xhtml" xml:lang="en" lang="en">
 <head>
  <title>
</title>
<meta http-equiv="Content-Type" content="text/html;charset=utf-8" />
  <meta name='ocr-system' content='tesseract 3.04.00' />
  <meta name='ocr-capabilities' content='ocr_page ocr_carea ocr_par ocr_line ocrx_word'/>
</head>
<body>
  <div class='ocr_page' id='page_1' title='image "analectanovaadhi00beuoft_0285.png"; bbox 0 0 1955 3278; ppageno 0'>
   <div class='ocr_carea' id='block_1_1' title="bbox 74 444 145 478">
    <p class='ocr_par' dir='ltr' id='par_1_1' title="bbox 74 444 145 478">
     <span class='ocr_line' id='line_1_1' title="bbox 74 444 145 478; baseline -0.014 0"><span class='ocrx_word' id='word_1_1' title='bbox 74 444 145 478; x_wconf 82' lang='lat'>365</span> 
     </span>
    </p>
   </div>
   <div class='ocr_carea' id='block_1_2' title="bbox 78 798 149 833">
    <p class='ocr_par' dir='ltr' id='par_1_2' title="bbox 78 798 149 833">
     <span class='ocr_line' id='line_1_2' title="bbox 78 798 149 833; baseline 0 0"><span class='ocrx_word' id='word_1_2' title='bbox 78 798 149 833; x_wconf 85' lang='lat'>370</span> 
     </span>
    </p>
   </div>
   <div class='ocr_carea' id='block_1_3' title="bbox 75 1154 147 1188">
    <p class='ocr_par' dir='ltr' id='par_1_3' title="bbox 75 1154 147 1188">
     <span class='ocr_line' id='line_1_3' title="bbox 75 1154 147 1188; baseline 0 0"><span class='ocrx_word' id='word_1_3' title='bbox 75 1154 147 1188; x_wconf 79' lang='lat'>375</span> 
     </span>
    </p>
   </div>
   <div class='ocr_carea' id='block_1_4' title="bbox 77 1509 150 1544">
    <p class='ocr_par' dir='ltr' id='par_1_4' title="bbox 77 1509 150 1544">
     <span class='ocr_line' id='line_1_4' title="bbox 77 1509 150 1544; baseline 0.014 -1"><span class='ocrx_word' id='word_1_4' title='bbox 77 1509 150 1544; x_wconf 75' lang='lat'>&#39;380</span> 
     </span>
    </p>
   </div>
   <div class='ocr_carea' id='block_1_5' title="bbox 81 1864 152 1898">
    <p class='ocr_par' dir='ltr' id='par_1_5' title="bbox 81 1864 152 1898">
     <span class='ocr_line' id='line_1_5' title="bbox 81 1864 152 1898; baseline 0 0"><span class='ocrx_word' id='word_1_5' title='bbox 81 1864 152 1898; x_wconf 84' lang='lat'>385</span> 
     </span>
    </p>
   </div>
   <div class='ocr_carea' id='block_1_6' title="bbox 89 2222 159 2257">
    <p class='ocr_par' dir='ltr' id='par_1_6' title="bbox 89 2222 159 2257">
     <span class='ocr_line' id='line_1_6' title="bbox 89 2222 159 2257; baseline 0.014 -1"><span class='ocrx_word' id='word_1_6' title='bbox 89 2222 159 2257; x_wconf 87' lang='grc'>390</span> 
     </span>
    </p>
   </div>
   <div class='ocr_carea' id='block_1_7' title="bbox 87 2577 158 2611">
    <p class='ocr_par' dir='ltr' id='par_1_7' title="bbox 87 2577 158 2611">
     <span class='ocr_line' id='line_1_7' title="bbox 87 2577 158 2611; baseline 0 0"><span class='ocrx_word' id='word_1_7' title='bbox 87 2577 158 2611; x_wconf 83' lang='lat'>395</span> 
     </span>
    </p>
   </div>
   <div class='ocr_carea' id='block_1_8' title="bbox 1493 146 1560 181">
    <p class='ocr_par' dir='ltr' id='par_1_8' title="bbox 1493 146 1560 181">
     <span class='ocr_line' id='line_1_8' title="bbox 1493 146 1560 181; baseline -0.015 0"><span class='ocrx_word' id='word_1_8' title='bbox 1493 146 1560 181; x_wconf 82' lang='lat'>259</span> 
     </span>
    </p>
   </div>
   <div class='ocr_carea' id='block_1_9' title="bbox 193 291 1508 2822">
    <p class='ocr_par' dir='ltr' id='par_1_9' title="bbox 193 291 1414 415">
     <span class='ocr_line' id='line_1_9' title="bbox 193 291 1414 346; baseline 0 -13"><span class='ocrx_word' id='word_1_9' title='bbox 193 292 329 342; x_wconf 85' lang='lat' dir='ltr'>Quem</span> <span class='ocrx_word' id='word_1_10' title='bbox 352 305 504 345; x_wconf 90' lang='lat' dir='ltr'>precor</span> <span class='ocrx_word' id='word_1_11' title='bbox 525 292 567 333; x_wconf 90' lang='lat' dir='ltr'>in</span> <span class='ocrx_word' id='word_1_12' title='bbox 592 291 736 345; x_wconf 82' lang='lat' dir='ltr'>Pylios</span> <span class='ocrx_word' id='word_1_13' title='bbox 759 296 902 331; x_wconf 85' lang='lat' dir='ltr'>servet</span> <span class='ocrx_word' id='word_1_14' title='bbox 926 291 1025 331; x_wconf 89' lang='lat' dir='ltr'>mihi</span> <span class='ocrx_word' id='word_1_15' title='bbox 1046 291 1244 346; x_wconf 61' lang='lat' dir='ltr'>tIuppiter</span> <span class='ocrx_word' id='word_1_16' title='bbox 1265 305 1414 342; x_wconf 82' lang='lat' dir='ltr'>annos,</span> 
     </span>
     <span class='ocr_line' id='line_1_10' title="bbox 251 362 1200 415; baseline 0.001 -12"><span class='ocrx_word' id='word_1_17' title='bbox 251 363 304 403; x_wconf 89' lang='lat' dir='ltr'>Et</span> <span class='ocrx_word' id='word_1_18' title='bbox 337 363 493 404; x_wconf 86' lang='lat' dir='ltr'>tribuat</span> <span class='ocrx_word' id='word_1_19' title='bbox 525 362 635 403; x_wconf 82' lang='lat' dir='ltr'>votis</span> <span class='ocrx_word' id='word_1_20' title='bbox 669 374 879 415; x_wconf 85' lang='lat' dir='ltr'>prospera</span> <span class='ocrx_word' id='word_1_21' title='bbox 912 369 1066 402; x_wconf 86' lang='lat' dir='ltr'>cuncta</span> <span class='ocrx_word' id='word_1_22' title='bbox 1099 362 1200 404; x_wconf 85' lang='lat' dir='ltr'>suis.</span> 
     </span>
    </p>

    <p class='ocr_par' dir='ltr' id='par_1_10' title="bbox 196 432 1308 557">
     <span class='ocr_line' id='line_1_11' title="bbox 196 432 1275 483; baseline 0.001 -9"><span class='ocrx_word' id='word_1_23' title='bbox 196 433 417 483; x_wconf 79' lang='lat' dir='ltr'>Quatenus</span> <span class='ocrx_word' id='word_1_24' title='bbox 450 433 519 474; x_wconf 92' lang='lat' dir='ltr'>hic</span> <span class='ocrx_word' id='word_1_25' title='bbox 554 432 701 474; x_wconf 83' lang='lat' dir='ltr'>dulces</span> <span class='ocrx_word' id='word_1_26' title='bbox 735 432 851 474; x_wconf 83' lang='lat' dir='ltr'>vivat</span> <span class='ocrx_word' id='word_1_27' title='bbox 882 432 1096 473; x_wconf 80' lang='lat' dir='ltr'>foeliciter</span> <span class='ocrx_word' id='word_1_28' title='bbox 1128 446 1275 482; x_wconf 68' lang='lat' dir='ltr'>annoS,</span> 
     </span>
     <span class='ocr_line' id='line_1_12' title="bbox 253 503 1308 557; baseline 0 -12"><span class='ocrx_word' id='word_1_29' title='bbox 253 506 391 557; x_wconf 80' lang='lat' dir='ltr'>Atque</span> <span class='ocrx_word' id='word_1_30' title='bbox 427 518 547 545; x_wconf 91' lang='lat' dir='ltr'>suum</span> <span class='ocrx_word' id='word_1_31' title='bbox 583 504 742 544; x_wconf 88' lang='lat' dir='ltr'>clerum</span> <span class='ocrx_word' id='word_1_32' title='bbox 776 503 976 544; x_wconf 87' lang='lat' dir='ltr'>faustiter</span> <span class='ocrx_word' id='word_1_33' title='bbox 1007 516 1143 555; x_wconf 81' lang='lat' dir='ltr'>usque</span> <span class='ocrx_word' id='word_1_34' title='bbox 1176 511 1308 557; x_wconf 87' lang='lat' dir='ltr'>regat.</span> 
     </span>
    </p>

    <p class='ocr_par' dir='ltr' id='par_1_11' title="bbox 194 573 1225 700">
     <span class='ocr_line' id='line_1_13' title="bbox 194 573 1141 627; baseline -0.002 -11"><span class='ocrx_word' id='word_1_35' title='bbox 194 576 248 617; x_wconf 92' lang='lat' dir='ltr'>At</span> <span class='ocrx_word' id='word_1_36' title='bbox 281 575 409 617; x_wconf 84' lang='lat' dir='ltr'>variis</span> <span class='ocrx_word' id='word_1_37' title='bbox 442 581 589 616; x_wconf 87' lang='lat' dir='ltr'>nostra</span> <span class='ocrx_word' id='word_1_38' title='bbox 622 580 820 615; x_wconf 84' lang='lat' dir='ltr'>versatur</span> <span class='ocrx_word' id='word_1_39' title='bbox 850 573 937 614; x_wconf 86' lang='lat' dir='ltr'>vita</span> <span class='ocrx_word' id='word_1_40' title='bbox 970 574 1141 627; x_wconf 88' lang='lat' dir='ltr'>periclis</span> 
     </span>
     <span class='ocr_line' id='line_1_14' title="bbox 255 644 1225 700; baseline -0.001 -13"><span class='ocrx_word' id='word_1_41' title='bbox 255 646 390 688; x_wconf 90' lang='lat' dir='ltr'>Omne</span> <span class='ocrx_word' id='word_1_42' title='bbox 425 646 614 700; x_wconf 89' lang='lat' dir='ltr'>repletur</span> <span class='ocrx_word' id='word_1_43' title='bbox 646 646 726 686; x_wconf 84' lang='lat' dir='ltr'>iter</span> <span class='ocrx_word' id='word_1_44' title='bbox 757 644 943 686; x_wconf 86' lang='lat' dir='ltr'>retibusl</span> <span class='ocrx_word' id='word_1_45' title='bbox 979 646 1013 685; x_wconf 57' lang='grc' dir='ltr'><em>ἃ</em></span> <span class='ocrx_word' id='word_1_46' title='bbox 1044 645 1225 698; x_wconf 79' lang='lat' dir='ltr'>laqueis.</span> 
     </span>
    </p>

    <p class='ocr_par' dir='ltr' id='par_1_12' title="bbox 196 716 1360 840">
     <span class='ocr_line' id='line_1_15' title="bbox 196 716 1360 770; baseline -0.001 -12"><span class='ocrx_word' id='word_1_47' title='bbox 196 717 303 758; x_wconf 88' lang='lat' dir='ltr'>Nam</span> <span class='ocrx_word' id='word_1_48' title='bbox 338 730 416 758; x_wconf 89' lang='lat' dir='ltr'>nos</span> <span class='ocrx_word' id='word_1_49' title='bbox 451 717 650 758; x_wconf 80' lang='lat' dir='ltr'>continue</span> <span class='ocrx_word' id='word_1_50' title='bbox 684 716 850 757; x_wconf 80' lang='lat' dir='ltr'>resides</span> <span class='ocrx_word' id='word_1_51' title='bbox 883 716 1008 757; x_wconf 86' lang='lat' dir='ltr'>timor</span> <span class='ocrx_word' id='word_1_52' title='bbox 1040 717 1191 758; x_wconf 81' lang='lat' dir='ltr'>anxius</span> <span class='ocrx_word' id='word_1_53' title='bbox 1225 724 1360 770; x_wconf 74' lang='lat' dir='ltr'>urget,</span> 
     </span>
     <span class='ocr_line' id='line_1_16' title="bbox 255 787 1212 840; baseline 0 -12"><span class='ocrx_word' id='word_1_54' title='bbox 255 788 344 829; x_wconf 86' lang='lat' dir='ltr'>Iam</span> <span class='ocrx_word' id='word_1_55' title='bbox 378 801 484 840; x_wconf 91' lang='lat' dir='ltr'>quos</span> <span class='ocrx_word' id='word_1_56' title='bbox 518 788 701 829; x_wconf 88' lang='lat' dir='ltr'>adverso</span> <span class='ocrx_word' id='word_1_57' title='bbox 738 787 887 829; x_wconf 87' lang='lat' dir='ltr'>terruit</span> <span class='ocrx_word' id='word_1_58' title='bbox 919 787 1055 828; x_wconf 80' lang='lat' dir='ltr'>hostis</span> <span class='ocrx_word' id='word_1_59' title='bbox 1089 800 1212 840; x_wconf 84' lang='lat' dir='ltr'>equo.</span> 
     </span>
    </p>

    <p class='ocr_par' dir='ltr' id='par_1_13' title="bbox 195 859 1408 985">
     <span class='ocr_line' id='line_1_17' title="bbox 195 859 1408 913; baseline 0 -13"><span class='ocrx_word' id='word_1_60' title='bbox 195 860 248 900; x_wconf 88' lang='lat' dir='ltr'>Et</span> <span class='ocrx_word' id='word_1_61' title='bbox 282 872 388 912; x_wconf 85' lang='lat' dir='ltr'>quos</span> <span class='ocrx_word' id='word_1_62' title='bbox 421 873 533 900; x_wconf 90' lang='lat' dir='ltr'>nunc</span> <span class='ocrx_word' id='word_1_63' title='bbox 568 859 707 909; x_wconf 73' lang='lat' dir='ltr'>hasta,</span> <span class='ocrx_word' id='word_1_64' title='bbox 745 859 905 913; x_wconf 71' lang='lat' dir='ltr'>gladio,</span> <span class='ocrx_word' id='word_1_65' title='bbox 939 872 1050 900; x_wconf 89' lang='lat' dir='ltr'>nunc</span> <span class='ocrx_word' id='word_1_66' title='bbox 1083 859 1182 912; x_wconf 86' lang='lat' dir='ltr'>igne</span> <span class='ocrx_word' id='word_1_67' title='bbox 1217 872 1408 909; x_wconf 78' lang='lat' dir='ltr'>corusco,</span> 
     </span>
     <span class='ocr_line' id='line_1_18' title="bbox 256 930 1229 985; baseline 0.001 -14"><span class='ocrx_word' id='word_1_68' title='bbox 256 931 370 971; x_wconf 87' lang='lat' dir='ltr'>Mille</span> <span class='ocrx_word' id='word_1_69' title='bbox 404 930 540 972; x_wconf 88' lang='lat' dir='ltr'>modis</span> <span class='ocrx_word' id='word_1_70' title='bbox 574 931 663 972; x_wconf 92' lang='lat' dir='ltr'>dire</span> <span class='ocrx_word' id='word_1_71' title='bbox 698 931 878 985; x_wconf 85' lang='lat' dir='ltr'>perdere</span> <span class='ocrx_word' id='word_1_72' title='bbox 914 931 1050 972; x_wconf 85' lang='lat' dir='ltr'>saevit</span> <span class='ocrx_word' id='word_1_73' title='bbox 1084 943 1229 972; x_wconf 85' lang='lat' dir='ltr'>ovans.</span> 
     </span>
    </p>

    <p class='ocr_par' dir='ltr' id='par_1_14' title="bbox 196 1001 1262 1124">
     <span class='ocr_line' id='line_1_19' title="bbox 196 1001 1262 1056; baseline 0 -14"><span class='ocrx_word' id='word_1_74' title='bbox 196 1002 400 1043; x_wconf 83' lang='lat' dir='ltr'>Vastatur</span> <span class='ocrx_word' id='word_1_75' title='bbox 431 1002 570 1056; x_wconf 86' lang='lat' dir='ltr'>patria</span> <span class='ocrx_word' id='word_1_76' title='bbox 604 1002 796 1053; x_wconf 71' lang='lat' dir='ltr'>infoelix,</span> <span class='ocrx_word' id='word_1_77' title='bbox 830 1001 1102 1043; x_wconf 77' lang='lat' dir='ltr'>horrentibus</span> <span class='ocrx_word' id='word_1_78' title='bbox 1136 1001 1262 1042; x_wconf 88' lang='lat' dir='ltr'>armis</span> 
     </span>
     <span class='ocr_line' id='line_1_20' title="bbox 256 1073 1080 1124; baseline 0 -11"><span class='ocrx_word' id='word_1_79' title='bbox 256 1073 395 1114; x_wconf 86' lang='lat' dir='ltr'>Letali</span> <span class='ocrx_word' id='word_1_80' title='bbox 427 1073 597 1114; x_wconf 82' lang='lat' dir='ltr'>seruent</span> <span class='ocrx_word' id='word_1_81' title='bbox 632 1074 772 1114; x_wconf 86' lang='lat' dir='ltr'>omnia</span> <span class='ocrx_word' id='word_1_82' title='bbox 805 1073 939 1114; x_wconf 86' lang='lat' dir='ltr'>Marte</span> <span class='ocrx_word' id='word_1_83' title='bbox 972 1073 1080 1124; x_wconf 78' lang='lat' dir='ltr'>loca,</span> 
     </span>
    </p>

    <p class='ocr_par' dir='ltr' id='par_1_15' title="bbox 198 1143 1451 1269">
     <span class='ocr_line' id='line_1_21' title="bbox 198 1143 1451 1198; baseline 0.001 -13"><span class='ocrx_word' id='word_1_84' title='bbox 198 1144 292 1185; x_wconf 90' lang='lat' dir='ltr'>Non</span> <span class='ocrx_word' id='word_1_85' title='bbox 327 1157 480 1198; x_wconf 90' lang='lat' dir='ltr'>corpus</span> <span class='ocrx_word' id='word_1_86' title='bbox 515 1145 706 1197; x_wconf 77' lang='lat' dir='ltr'>querulo,</span> <span class='ocrx_word' id='word_1_87' title='bbox 741 1158 822 1186; x_wconf 89' lang='lat' dir='ltr'>nec</span> <span class='ocrx_word' id='word_1_88' title='bbox 847 1158 969 1185; x_wconf 83' lang='lat' dir='ltr'>mens</span> <span class='ocrx_word' id='word_1_89' title='bbox 992 1150 1117 1186; x_wconf 85' lang='lat' dir='ltr'>vacat</span> <span class='ocrx_word' id='word_1_90' title='bbox 1140 1157 1272 1197; x_wconf 85' lang='lat' dir='ltr'>aegra</span> <span class='ocrx_word' id='word_1_91' title='bbox 1293 1143 1451 1186; x_wconf 89' lang='lat' dir='ltr'>dolore.</span> 
     </span>
     <span class='ocr_line' id='line_1_22' title="bbox 258 1214 1187 1269; baseline 0 -13"><span class='ocrx_word' id='word_1_92' title='bbox 258 1214 546 1269; x_wconf 84' lang='lat' dir='ltr'>Optatamque</span> <span class='ocrx_word' id='word_1_93' title='bbox 579 1215 690 1269; x_wconf 85' lang='lat' dir='ltr'>fugit</span> <span class='ocrx_word' id='word_1_94' title='bbox 723 1216 809 1257; x_wconf 86' lang='lat' dir='ltr'>vita</span> <span class='ocrx_word' id='word_1_95' title='bbox 842 1221 992 1257; x_wconf 88' lang='lat' dir='ltr'>coacta</span> <span class='ocrx_word' id='word_1_96' title='bbox 1024 1228 1187 1256; x_wconf 84' lang='lat' dir='ltr'>necem.</span> 
     </span>
    </p>

    <p class='ocr_par' dir='ltr' id='par_1_16' title="bbox 199 1285 1284 1411">
     <span class='ocr_line' id='line_1_23' title="bbox 199 1285 1284 1336; baseline 0.001 -10"><span class='ocrx_word' id='word_1_97' title='bbox 199 1285 416 1336; x_wconf 82' lang='lat' dir='ltr'>Quottidie</span> <span class='ocrx_word' id='word_1_98' title='bbox 450 1286 628 1328; x_wconf 88' lang='lat' dir='ltr'>veniunt</span> <span class='ocrx_word' id='word_1_99' title='bbox 662 1287 852 1328; x_wconf 83' lang='lat' dir='ltr'>incertae</span> <span class='ocrx_word' id='word_1_100' title='bbox 886 1299 1098 1327; x_wconf 86' lang='lat' dir='ltr'>murmura</span> <span class='ocrx_word' id='word_1_101' title='bbox 1129 1286 1284 1336; x_wconf 68' lang='lat' dir='ltr'>famae,</span> 
     </span>
     <span class='ocr_line' id='line_1_24' title="bbox 259 1357 1208 1411; baseline 0.002 -14"><span class='ocrx_word' id='word_1_102' title='bbox 259 1357 476 1407; x_wconf 80' lang='lat' dir='ltr'>Quottidie</span> <span class='ocrx_word' id='word_1_103' title='bbox 512 1371 653 1398; x_wconf 89' lang='lat' dir='ltr'>rumor</span> <span class='ocrx_word' id='word_1_104' title='bbox 684 1358 816 1411; x_wconf 82' lang='lat' dir='ltr'>garrit</span> <span class='ocrx_word' id='word_1_105' title='bbox 849 1358 891 1398; x_wconf 92' lang='lat' dir='ltr'>in</span> <span class='ocrx_word' id='word_1_106' title='bbox 925 1371 1026 1399; x_wconf 87' lang='lat' dir='ltr'>aure</span> <span class='ocrx_word' id='word_1_107' title='bbox 1060 1371 1208 1399; x_wconf 85' lang='lat' dir='ltr'>novus.</span> 
     </span>
    </p>

    <p class='ocr_par' dir='ltr' id='par_1_17' title="bbox 198 1428 1508 1553">
     <span class='ocr_line' id='line_1_25' title="bbox 198 1428 1508 1482; baseline 0 -13"><span class='ocrx_word' id='word_1_108' title='bbox 198 1428 292 1470; x_wconf 88' lang='lat' dir='ltr'>Heu</span> <span class='ocrx_word' id='word_1_109' title='bbox 316 1428 448 1480; x_wconf 74' lang='lat' dir='ltr'>dolor,</span> <span class='ocrx_word' id='word_1_110' title='bbox 468 1428 552 1469; x_wconf 93' lang='lat' dir='ltr'>heu</span> <span class='ocrx_word' id='word_1_111' title='bbox 576 1429 714 1470; x_wconf 86' lang='lat' dir='ltr'>luctus</span> <span class='ocrx_word' id='word_1_112' title='bbox 737 1429 879 1479; x_wconf 74' lang='lat' dir='ltr'>miser,</span> <span class='ocrx_word' id='word_1_113' title='bbox 903 1429 987 1470; x_wconf 90' lang='lat' dir='ltr'>heu</span> <span class='ocrx_word' id='word_1_114' title='bbox 1010 1428 1302 1470; x_wconf 88' lang='lat' dir='ltr'>lachrimabile</span> <span class='ocrx_word' id='word_1_115' title='bbox 1325 1434 1508 1482; x_wconf 86' lang='lat' dir='ltr'>tempus,</span> 
     </span>
     <span class='ocr_line' id='line_1_26' title="bbox 259 1499 1319 1553; baseline 0.001 -13"><span class='ocrx_word' id='word_1_116' title='bbox 259 1499 350 1540; x_wconf 90' lang='lat' dir='ltr'>Nec</span> <span class='ocrx_word' id='word_1_117' title='bbox 383 1500 506 1541; x_wconf 90' lang='lat' dir='ltr'>nobis</span> <span class='ocrx_word' id='word_1_118' title='bbox 539 1500 726 1553; x_wconf 76' lang='lat' dir='ltr'>requies,</span> <span class='ocrx_word' id='word_1_119' title='bbox 766 1513 845 1542; x_wconf 90' lang='lat' dir='ltr'>nec</span> <span class='ocrx_word' id='word_1_120' title='bbox 877 1514 995 1542; x_wconf 85' lang='lat' dir='ltr'>mora</span> <span class='ocrx_word' id='word_1_121' title='bbox 1028 1506 1150 1553; x_wconf 84' lang='lat' dir='ltr'>grata</span> <span class='ocrx_word' id='word_1_122' title='bbox 1183 1499 1319 1541; x_wconf 84' lang='lat' dir='ltr'>datur.</span> 
     </span>
    </p>

    <p class='ocr_par' dir='ltr' id='par_1_18' title="bbox 199 1569 1348 1696">
     <span class='ocr_line' id='line_1_27' title="bbox 199 1569 1348 1624; baseline 0 -13"><span class='ocrx_word' id='word_1_123' title='bbox 199 1570 402 1612; x_wconf 88' lang='lat' dir='ltr'>Novimus</span> <span class='ocrx_word' id='word_1_124' title='bbox 434 1571 635 1624; x_wconf 89' lang='lat' dir='ltr'>Argolico</span> <span class='ocrx_word' id='word_1_125' title='bbox 669 1571 834 1612; x_wconf 83' lang='lat' dir='ltr'>tristem</span> <span class='ocrx_word' id='word_1_126' title='bbox 869 1571 946 1612; x_wconf 89' lang='lat' dir='ltr'>sub</span> <span class='ocrx_word' id='word_1_127' title='bbox 980 1571 1110 1612; x_wconf 88' lang='lat' dir='ltr'>milite</span> <span class='ocrx_word' id='word_1_128' title='bbox 1145 1569 1348 1611; x_wconf 66' lang='lat' dir='ltr'>Troiam²</span> 
     </span>
     <span class='ocr_line' id='line_1_28' title="bbox 258 1642 1137 1696; baseline 0.001 -14"><span class='ocrx_word' id='word_1_129' title='bbox 258 1642 455 1683; x_wconf 82' lang='lat' dir='ltr'>Troianis</span> <span class='ocrx_word' id='word_1_130' title='bbox 489 1643 675 1696; x_wconf 86' lang='lat' dir='ltr'>patimur</span> <span class='ocrx_word' id='word_1_131' title='bbox 708 1643 776 1684; x_wconf 79' lang='lat' dir='ltr'>vix</span> <span class='ocrx_word' id='word_1_132' title='bbox 808 1643 970 1684; x_wconf 89' lang='lat' dir='ltr'>leviora</span> <span class='ocrx_word' id='word_1_133' title='bbox 1003 1643 1137 1683; x_wconf 87' lang='lat' dir='ltr'>malis.</span> 
     </span>
    </p>

    <p class='ocr_par' dir='ltr' id='par_1_19' title="bbox 201 1712 1334 1839">
     <span class='ocr_line' id='line_1_29' title="bbox 201 1712 1334 1767; baseline 0 -13"><span class='ocrx_word' id='word_1_134' title='bbox 201 1712 284 1754; x_wconf 81' lang='lat' dir='ltr'>Cur</span> <span class='ocrx_word' id='word_1_135' title='bbox 317 1727 462 1754; x_wconf 92' lang='lat' dir='ltr'>sumus</span> <span class='ocrx_word' id='word_1_136' title='bbox 497 1713 579 1754; x_wconf 91' lang='lat' dir='ltr'>heu</span> <span class='ocrx_word' id='word_1_137' title='bbox 613 1714 757 1755; x_wconf 91' lang='lat' dir='ltr'>miseri</span> <span class='ocrx_word' id='word_1_138' title='bbox 789 1727 873 1754; x_wconf 86' lang='lat' dir='ltr'>non</span> <span class='ocrx_word' id='word_1_139' title='bbox 905 1714 976 1754; x_wconf 92' lang='lat' dir='ltr'>illo</span> <span class='ocrx_word' id='word_1_140' title='bbox 1010 1720 1199 1767; x_wconf 86' lang='lat' dir='ltr'>tempore</span> <span class='ocrx_word' id='word_1_141' title='bbox 1233 1713 1334 1754; x_wconf 87' lang='lat' dir='ltr'>nati.</span> 
     </span>
     <span class='ocr_line' id='line_1_30' title="bbox 262 1783 1181 1839; baseline 0 -14"><span class='ocrx_word' id='word_1_142' title='bbox 262 1783 354 1833; x_wconf 82' lang='lat' dir='ltr'>Quo</span> <span class='ocrx_word' id='word_1_143' title='bbox 388 1798 472 1839; x_wconf 80' lang='lat' dir='ltr'>pax</span> <span class='ocrx_word' id='word_1_144' title='bbox 504 1785 546 1825; x_wconf 87' lang='lat' dir='ltr'>in</span> <span class='ocrx_word' id='word_1_145' title='bbox 581 1785 705 1827; x_wconf 88' lang='lat' dir='ltr'>terris</span> <span class='ocrx_word' id='word_1_146' title='bbox 738 1785 910 1837; x_wconf 88' lang='lat' dir='ltr'>vitaque</span> <span class='ocrx_word' id='word_1_147' title='bbox 944 1791 1035 1825; x_wconf 89' lang='lat' dir='ltr'>tuta</span> <span class='ocrx_word' id='word_1_148' title='bbox 1068 1784 1181 1825; x_wconf 69' lang='lat' dir='ltr'>fuit?</span> 
     </span>
    </p>

    <p class='ocr_par' dir='ltr' id='par_1_20' title="bbox 204 1854 1342 1969">
     <span class='ocr_line' id='line_1_31' title="bbox 204 1854 1342 1907; baseline 0 -11"><span class='ocrx_word' id='word_1_149' title='bbox 204 1855 316 1896; x_wconf 93' lang='lat' dir='ltr'>Dum</span> <span class='ocrx_word' id='word_1_150' title='bbox 348 1856 492 1897; x_wconf 90' lang='lat' dir='ltr'>nullae</span> <span class='ocrx_word' id='word_1_151' title='bbox 527 1856 695 1897; x_wconf 87' lang='lat' dir='ltr'>fuerant</span> <span class='ocrx_word' id='word_1_152' title='bbox 730 1856 858 1898; x_wconf 87' lang='lat' dir='ltr'>urbes</span> <span class='ocrx_word' id='word_1_153' title='bbox 892 1856 970 1897; x_wconf 90' lang='lat' dir='ltr'>sub</span> <span class='ocrx_word' id='word_1_154' title='bbox 1003 1855 1198 1897; x_wconf 86' lang='lat' dir='ltr'>menibus</span> <span class='ocrx_word' id='word_1_155' title='bbox 1232 1854 1342 1907; x_wconf 79' lang='lat' dir='ltr'>altis⁷</span> 
     </span>
     <span class='ocr_line' id='line_1_32' title="bbox 263 1926 1166 1969; baseline -0.001 -1"><span class='ocrx_word' id='word_1_156' title='bbox 263 1927 354 1968; x_wconf 87' lang='lat' dir='ltr'>Nec</span> <span class='ocrx_word' id='word_1_157' title='bbox 387 1928 529 1968; x_wconf 90' lang='lat' dir='ltr'>celsas</span> <span class='ocrx_word' id='word_1_158' title='bbox 569 1941 690 1969; x_wconf 86' lang='lat' dir='ltr'>arces</span> <span class='ocrx_word' id='word_1_159' title='bbox 723 1927 909 1969; x_wconf 89' lang='lat' dir='ltr'>condere</span> <span class='ocrx_word' id='word_1_160' title='bbox 943 1940 1043 1968; x_wconf 87' lang='lat' dir='ltr'>cura</span> <span class='ocrx_word' id='word_1_161' title='bbox 1075 1926 1166 1967; x_wconf 81' lang='lat' dir='ltr'>fuit.</span> 
     </span>
    </p>

    <p class='ocr_par' dir='ltr' id='par_1_21' title="bbox 205 1997 1283 2123">
     <span class='ocr_line' id='line_1_33' title="bbox 205 1997 1283 2052; baseline 0.001 -14"><span class='ocrx_word' id='word_1_162' title='bbox 205 1997 420 2040; x_wconf 87' lang='lat' dir='ltr'>Planicies</span> <span class='ocrx_word' id='word_1_163' title='bbox 454 1998 594 2040; x_wconf 86' lang='lat' dir='ltr'>fuerat</span> <span class='ocrx_word' id='word_1_164' title='bbox 627 2005 792 2040; x_wconf 85' lang='lat' dir='ltr'>tantum</span> <span class='ocrx_word' id='word_1_165' title='bbox 824 1998 1037 2051; x_wconf 81' lang='lat' dir='ltr'>villaeque</span> <span class='ocrx_word' id='word_1_166' title='bbox 1070 2004 1283 2052; x_wconf 69' lang='lat' dir='ltr'>patentes,</span> 
     </span>
     <span class='ocr_line' id='line_1_34' title="bbox 263 2053 1261 2123; baseline -0.001 -13"><span class='ocrx_word' id='word_1_167' title='bbox 263 2069 470 2123; x_wconf 85' lang='lat' dir='ltr'>Hungara</span> <span class='ocrx_word' id='word_1_168' title='bbox 505 2070 583 2111; x_wconf 90' lang='lat' dir='ltr'>sed</span> <span class='ocrx_word' id='word_1_169' title='bbox 617 2070 745 2111; x_wconf 88' lang='lat' dir='ltr'>tellus</span> <span class='ocrx_word' id='word_1_170' title='bbox 779 2082 886 2123; x_wconf 88' lang='lat' dir='ltr'>pace</span> <span class='ocrx_word' id='word_1_171' title='bbox 921 2069 1064 2122; x_wconf 86' lang='lat' dir='ltr'>quieta</span> <span class='ocrx_word' id='word_1_172' title='bbox 1096 2068 1188 2120; x_wconf 71' lang='lat' dir='ltr'>fuit,</span> <span class='ocrx_word' id='word_1_173' title='bbox 1257 2053 1261 2061; x_wconf 49' lang='lat'><strong>¹</strong></span> 
     </span>
    </p>

    <p class='ocr_par' dir='ltr' id='par_1_22' title="bbox 202 2140 1212 2266">
     <span class='ocr_line' id='line_1_35' title="bbox 202 2140 1212 2195; baseline 0 -14"><span class='ocrx_word' id='word_1_174' title='bbox 202 2140 293 2182; x_wconf 88' lang='lat' dir='ltr'>Nec</span> <span class='ocrx_word' id='word_1_175' title='bbox 326 2141 449 2182; x_wconf 89' lang='lat' dir='ltr'>navis</span> <span class='ocrx_word' id='word_1_176' title='bbox 482 2141 597 2182; x_wconf 87' lang='lat' dir='ltr'>Petri</span> <span class='ocrx_word' id='word_1_177' title='bbox 634 2141 779 2195; x_wconf 81' lang='lat' dir='ltr'>pelagi</span> <span class='ocrx_word' id='word_1_178' title='bbox 811 2146 967 2181; x_wconf 72' lang='lat' dir='ltr'>vexata</span> <span class='ocrx_word' id='word_1_179' title='bbox 999 2140 1212 2193; x_wconf 84' lang='lat' dir='ltr'>procellis,</span> 
     </span>
     <span class='ocr_line' id='line_1_36' title="bbox 268 2211 1201 2266; baseline -0.001 -13"><span class='ocrx_word' id='word_1_180' title='bbox 268 2212 354 2253; x_wconf 85' lang='lat' dir='ltr'>Sed</span> <span class='ocrx_word' id='word_1_181' title='bbox 386 2212 527 2253; x_wconf 86' lang='lat' dir='ltr'>fuerat</span> <span class='ocrx_word' id='word_1_182' title='bbox 561 2225 731 2266; x_wconf 88' lang='lat' dir='ltr'>semper</span> <span class='ocrx_word' id='word_1_183' title='bbox 763 2212 922 2264; x_wconf 79' lang='lat' dir='ltr'>remige</span> <span class='ocrx_word' id='word_1_184' title='bbox 957 2217 1048 2251; x_wconf 83' lang='lat' dir='ltr'>tuta</span> <span class='ocrx_word' id='word_1_185' title='bbox 1082 2211 1201 2263; x_wconf 75' lang='lat' dir='ltr'>satis,</span> 
     </span>
    </p>

    <p class='ocr_par' dir='ltr' id='par_1_23' title="bbox 206 2283 1313 2408">
     <span class='ocr_line' id='line_1_37' title="bbox 206 2283 1313 2337; baseline -0.001 -13"><span class='ocrx_word' id='word_1_186' title='bbox 206 2283 300 2324; x_wconf 87' lang='lat' dir='ltr'>Non</span> <span class='ocrx_word' id='word_1_187' title='bbox 334 2283 473 2324; x_wconf 83' lang='lat' dir='ltr'>fuerat</span> <span class='ocrx_word' id='word_1_188' title='bbox 508 2283 637 2325; x_wconf 92' lang='lat' dir='ltr'>duros</span> <span class='ocrx_word' id='word_1_189' title='bbox 670 2296 777 2337; x_wconf 90' lang='lat' dir='ltr'>opus</span> <span class='ocrx_word' id='word_1_190' title='bbox 812 2283 1119 2324; x_wconf 76' lang='lat' dir='ltr'>exhorrescere</span> <span class='ocrx_word' id='word_1_191' title='bbox 1153 2290 1313 2332; x_wconf 72' lang='lat' dir='ltr'>cautes,</span> 
     </span>
     <span class='ocr_line' id='line_1_38' title="bbox 263 2354 1229 2408; baseline -0.001 -13"><span class='ocrx_word' id='word_1_192' title='bbox 263 2355 359 2395; x_wconf 86' lang='lat' dir='ltr'>Nou</span> <span class='ocrx_word' id='word_1_193' title='bbox 392 2354 525 2395; x_wconf 87' lang='lat' dir='ltr'>etiam</span> <span class='ocrx_word' id='word_1_194' title='bbox 557 2354 743 2408; x_wconf 85' lang='lat' dir='ltr'>Libycos</span> <span class='ocrx_word' id='word_1_195' title='bbox 779 2354 1050 2408; x_wconf 81' lang='lat' dir='ltr'>pertimuisse</span> <span class='ocrx_word' id='word_1_196' title='bbox 1085 2367 1229 2395; x_wconf 88' lang='lat' dir='ltr'>canes.</span> 
     </span>
    </p>

    <p class='ocr_par' dir='ltr' id='par_1_24' title="bbox 207 2424 1421 2549">
     <span class='ocr_line' id='line_1_39' title="bbox 207 2424 1421 2478; baseline 0 -12"><span class='ocrx_word' id='word_1_197' title='bbox 207 2425 365 2467; x_wconf 89' lang='lat' dir='ltr'>Ordine</span> <span class='ocrx_word' id='word_1_198' title='bbox 400 2438 607 2467; x_wconf 81' lang='lat' dir='ltr'>converso</span> <span class='ocrx_word' id='word_1_199' title='bbox 641 2425 718 2466; x_wconf 90' lang='lat' dir='ltr'>sed</span> <span class='ocrx_word' id='word_1_200' title='bbox 751 2432 792 2466; x_wconf 89' lang='lat' dir='ltr'>te</span> <span class='ocrx_word' id='word_1_201' title='bbox 828 2438 942 2465; x_wconf 87' lang='lat' dir='ltr'>nunc</span> <span class='ocrx_word' id='word_1_202' title='bbox 974 2431 1168 2478; x_wconf 89' lang='lat' dir='ltr'>tempora</span> <span class='ocrx_word' id='word_1_203' title='bbox 1200 2424 1421 2478; x_wconf 81' lang='lat' dir='ltr'>praebent,</span> 
     </span>
     <span class='ocr_line' id='line_1_40' title="bbox 265 2495 1204 2549; baseline -0.002 -11"><span class='ocrx_word' id='word_1_204' title='bbox 265 2496 454 2538; x_wconf 82' lang='lat' dir='ltr'>Vertitur</span> <span class='ocrx_word' id='word_1_205' title='bbox 486 2496 676 2538; x_wconf 87' lang='lat' dir='ltr'>instabili</span> <span class='ocrx_word' id='word_1_206' title='bbox 712 2496 928 2549; x_wconf 82' lang='lat' dir='ltr'>quaelibet</span> <span class='ocrx_word' id='word_1_207' title='bbox 962 2495 1067 2536; x_wconf 85' lang='lat' dir='ltr'>hora</span> <span class='ocrx_word' id='word_1_208' title='bbox 1099 2502 1204 2536; x_wconf 90' lang='lat' dir='ltr'>rota.</span> 
     </span>
    </p>

    <p class='ocr_par' dir='ltr' id='par_1_25' title="bbox 209 2566 1354 2692">
     <span class='ocr_line' id='line_1_41' title="bbox 209 2566 1354 2621; baseline -0.002 -13"><span class='ocrx_word' id='word_1_209' title='bbox 209 2567 336 2608; x_wconf 87' lang='lat' dir='ltr'>Error</span> <span class='ocrx_word' id='word_1_210' title='bbox 367 2567 479 2608; x_wconf 84' lang='lat' dir='ltr'>inest</span> <span class='ocrx_word' id='word_1_211' title='bbox 511 2581 706 2621; x_wconf 72' lang='lat' dir='ltr'>magnus,</span> <span class='ocrx_word' id='word_1_212' title='bbox 743 2580 912 2621; x_wconf 88' lang='lat' dir='ltr'>semper</span> <span class='ocrx_word' id='word_1_213' title='bbox 945 2580 1165 2608; x_wconf 85' lang='lat' dir='ltr'>versamur</span> <span class='ocrx_word' id='word_1_214' title='bbox 1195 2566 1237 2607; x_wconf 89' lang='lat' dir='ltr'>in</span> <span class='ocrx_word' id='word_1_215' title='bbox 1270 2567 1354 2617; x_wconf 84' lang='lat' dir='ltr'>illo,</span> 
     </span>
     <span class='ocr_line' id='line_1_42' title="bbox 267 2637 1178 2692; baseline -0.003 -12"><span class='ocrx_word' id='word_1_216' title='bbox 267 2639 315 2680; x_wconf 93' lang='lat' dir='ltr'>In</span> <span class='ocrx_word' id='word_1_217' title='bbox 348 2639 464 2680; x_wconf 88' lang='lat' dir='ltr'>luctu</span> <span class='ocrx_word' id='word_1_218' title='bbox 499 2651 668 2692; x_wconf 88' lang='lat' dir='ltr'>semper</span> <span class='ocrx_word' id='word_1_219' title='bbox 703 2639 792 2679; x_wconf 86' lang='lat' dir='ltr'>vita</span> <span class='ocrx_word' id='word_1_220' title='bbox 824 2637 989 2679; x_wconf 87' lang='lat' dir='ltr'>misella</span> <span class='ocrx_word' id='word_1_221' title='bbox 1022 2643 1178 2678; x_wconf 83' lang='lat' dir='ltr'>manet.</span> 
     </span>
    </p>

    <p class='ocr_par' dir='ltr' id='par_1_26' title="bbox 208 2707 1226 2822">
     <span class='ocr_line' id='line_1_43' title="bbox 208 2707 1226 2762; baseline -0.001 -12"><span class='ocrx_word' id='word_1_222' title='bbox 208 2709 410 2762; x_wconf 85' lang='lat' dir='ltr'>Frigidus</span> <span class='ocrx_word' id='word_1_223' title='bbox 442 2710 597 2751; x_wconf 88' lang='lat' dir='ltr'>Arctoo</span> <span class='ocrx_word' id='word_1_224' title='bbox 634 2709 796 2750; x_wconf 85' lang='lat' dir='ltr'>Boreas</span> <span class='ocrx_word' id='word_1_225' title='bbox 831 2708 1012 2750; x_wconf 88' lang='lat' dir='ltr'>emissus</span> <span class='ocrx_word' id='word_1_226' title='bbox 1046 2707 1099 2748; x_wconf 87' lang='lat' dir='ltr'>ab</span> <span class='ocrx_word' id='word_1_227' title='bbox 1133 2721 1226 2757; x_wconf 74' lang='lat' dir='ltr'>axe,</span> 
     </span>
     <span class='ocr_line' id='line_1_44' title="bbox 268 2778 1106 2822; baseline -0.002 -1"><span class='ocrx_word' id='word_1_228' title='bbox 268 2780 425 2821; x_wconf 87' lang='lat' dir='ltr'>Nititur</span> <span class='ocrx_word' id='word_1_229' title='bbox 457 2780 649 2822; x_wconf 88' lang='lat' dir='ltr'>adversis</span> <span class='ocrx_word' id='word_1_230' title='bbox 683 2781 779 2822; x_wconf 87' lang='lat' dir='ltr'>vela</span> <span class='ocrx_word' id='word_1_231' title='bbox 811 2779 936 2821; x_wconf 89' lang='lat' dir='ltr'>ferire</span> <span class='ocrx_word' id='word_1_232' title='bbox 969 2778 1106 2820; x_wconf 84' lang='lat' dir='ltr'>vadis.</span> 
     </span>
    </p>
   </div>
   <div class='ocr_carea' id='block_1_10' title="bbox 218 2930 1439 3036">
    <p class='ocr_par' dir='ltr' id='par_1_27' title="bbox 218 2930 1439 3036">
     <span class='ocr_line' id='line_1_45' title="bbox 218 2930 795 2966; baseline -0.002 -1"><span class='ocrx_word' id='word_1_233' title='bbox 218 2930 228 2950; x_wconf 89' lang='lat'>¹</span> <span class='ocrx_word' id='word_1_234' title='bbox 255 2931 419 2966; x_wconf 82' lang='lat' dir='ltr'>rethibus</span> <span class='ocrx_word' id='word_1_235' title='bbox 446 2931 488 2965; x_wconf 81' lang='lat' dir='ltr'>A.</span> <span class='ocrx_word' id='word_1_236' title='bbox 540 2930 552 2949; x_wconf 75' lang='lat'>²³</span> <span class='ocrx_word' id='word_1_237' title='bbox 580 2930 728 2965; x_wconf 86' lang='lat' dir='ltr'>Troiani</span> <span class='ocrx_word' id='word_1_238' title='bbox 755 2931 795 2964; x_wconf 80' lang='lat' dir='ltr'>A.</span> 
     </span>
     <span class='ocr_line' id='line_1_46' title="bbox 1374 3002 1439 3036; baseline 0.031 -2"><span class='ocrx_word' id='word_1_239' title='bbox 1374 3002 1439 3036; x_wconf 80' lang='lat'>17*</span> 
     </span>
    </p>
   </div>
  </div>
 </body>
</html>
