1898 3278
1522 156 1565 188 51

87 299 129 340 in
161 312 245 340 uno
278 299 382 350 Rex,
427 299 468 338 in
503 298 636 339 altero
681 297 847 350 Regina
891 297 1066 338 Beatrix
1110 311 1241 339 cornu
1285 299 1484 353 praefuit,
1526 307 1567 341 et

87 370 236 411 habita
253 366 707 422 concioneJ(contione)
727 368 883 409 milites
905 368 1127 409 cohortata
1145 370 1414 421 suavissime,
1440 370 1565 412 vehe-

86 441 246 482 mentia
277 440 480 481 orationis
513 452 649 491 usque
682 438 792 479 adeo
827 438 881 479 ad
902 438 1061 479 bellum
1094 440 1271 480 militum
1293 441 1458 482 animos
1480 442 1569 482 irri-

86 511 205 561 tavit,
239 517 284 552 ut
317 511 370 552 de
402 511 494 564 pari
527 509 783 562 quandoque
816 509 1020 551 victoriae
1049 510 1177 551 laude
1206 524 1298 552 cum
1321 511 1568 553 dulcissimo

86 595 188 635 rege
213 595 288 623 suo
312 581 602 623 contenderet.
635 579 912 621 Obsidebatis
942 581 1198 634 quandoque
1229 582 1387 635 pariter
1410 583 1569 636 oppida

86 651 262 706 (opida),
295 658 336 693 et
369 651 573 706 oppidani
606 651 944 692 concitatissima
976 652 1090 705 regis
1120 653 1441 705 oppugnatione
1474 667 1568 707 per-

86 723 234 774 territi,
268 722 529 764 deditionem
562 722 638 763 tibi
670 722 902 773 faciebant,
938 722 992 763 ad
1025 729 1066 763 te
1099 736 1236 775 aeque
1270 736 1320 764 ac
1343 724 1399 764 ad
1430 725 1567 766 Deam

87 795 385 846 dominamque
403 793 668 834 mitissimam
691 792 1011 846 confugiebant.
1038 792 1193 847 Saepe,
1218 794 1289 846 qui
1313 794 1569 837 obstinatius

86 866 344 913 restiterant,
388 870 429 905 et
462 864 696 905 saevientis
729 864 844 917 regis
878 864 1086 917 praelium
1124 864 1234 905 ultra
1267 865 1450 906 tolerare
1484 880 1568 907 non

86 941 296 990 poterant,
330 948 434 976 suae
468 934 784 988 imprudentiae
818 935 1084 988 poenitentia
1125 935 1255 985 ducti,
1291 948 1313 976 e
1346 937 1570 978 moenibus

85 1004 312 1059 (menibus)
333 1006 602 1047 clementiam
623 1011 739 1046 tuam
762 1005 886 1046 elatis
908 1005 1106 1047 manibus
1129 1006 1399 1048 invocabant.
1426 1007 1568 1061 Saepe

85 1078 284 1119 mulieres
317 1091 427 1130 quae
461 1076 562 1117 viris
593 1076 826 1128 liberisque
858 1075 1078 1127 timebant,
1114 1077 1276 1130 sparsis
1310 1077 1494 1119 crinibus
1529 1085 1571 1119 et

85 1147 271 1202 profusis
305 1147 538 1188 ululatibus
572 1160 594 1188 e
622 1160 739 1188 muro
767 1153 883 1188 tuam
911 1160 1036 1201 opem
1064 1153 1106 1189 et
1132 1148 1467 1189 misericordiam
1495 1149 1569 1189 im-

86 1219 323 1273 plorabant,
351 1225 393 1259 et
424 1218 735 1259 intercessione
761 1224 834 1259 tua
867 1232 893 1258 a
921 1218 1124 1260 servitate
1152 1219 1273 1272 regia
1304 1219 1570 1260 incolumita-

85 1296 184 1341 tem,
217 1289 399 1344 patriam
432 1295 474 1330 et
500 1289 694 1330 fortunas
723 1289 1024 1343 impetrabant.
1059 1289 1123 1329 Tu
1147 1296 1289 1331 autem
1311 1290 1570 1331 Mithridatis

84 1361 410 1415 Hypsicrateam
445 1360 660 1401 aemulata
693 1360 985 1401 amantissimo
1012 1360 1104 1413 regi
1131 1373 1301 1415 semper
1329 1361 1498 1412 aderas,
1528 1368 1570 1403 et

84 1440 125 1473 te
147 1431 446 1474 suavissimam
470 1430 582 1472 domi
604 1431 792 1483 forisque
815 1430 973 1472 sociam
998 1431 1279 1484 comitemque
1297 1432 1568 1486 praestabas,

85 1510 127 1544 et
146 1504 206 1544 ita
228 1502 497 1557 praestabas,
529 1508 573 1542 ut
593 1502 872 1555 gravissimos
895 1502 997 1543 belli
1020 1502 1192 1543 labores
1219 1503 1465 1557 praesentia
1498 1510 1571 1544 tua

83 1574 287 1616 redderes
309 1574 438 1627 longe
460 1574 656 1615 leviores.
691 1574 745 1613 At
765 1573 845 1614 hoc
879 1573 969 1614 iure
993 1573 1177 1625 quidem,
1210 1587 1304 1615 cum
1332 1574 1446 1615 domi
1466 1574 1569 1615 mili-

84 1646 254 1698 tiaeque
289 1645 465 1686 consilio
498 1644 671 1685 nimium
704 1645 852 1686 valeas
886 1651 927 1685 et
959 1645 1185 1699 sapientia.
1223 1644 1393 1694 Quanta
1426 1650 1569 1686 autem

83 1717 251 1758 iusticia
286 1713 477 1769 (iustitia)
517 1721 559 1756 et
591 1716 808 1768 aequitate
842 1716 1022 1769 polleas,
1068 1716 1261 1756 nimirum
1302 1716 1462 1757 referre
1503 1723 1568 1757 est

84 1800 258 1842 prorsus
279 1787 556 1841 impossibile.
592 1785 715 1828 Omni
737 1785 973 1827 officiorum
997 1800 1155 1840 genere
1179 1784 1358 1841 (generi)
1381 1788 1568 1828 cumula-

84 1859 246 1900 tissime
270 1858 500 1899 satisfacis.
534 1858 581 1898 In
609 1858 748 1898 Deum
776 1871 960 1910 namque
990 1858 1316 1911 religiosissima
1346 1865 1387 1899 et
1407 1859 1449 1899 in
1472 1872 1567 1900 cae-

84 1936 177 1970 tera
196 1929 370 1969 numina
392 1928 584 1982 piissima
608 1942 704 1970 esse
727 1929 1003 1982 praedicaris.
1028 1928 1187 1969 Omnes
1208 1929 1402 1982 profecto
1430 1943 1571 1971 sacer-

85 2000 207 2042 dotes
230 2013 379 2041 sacrae
401 2000 604 2041 orationis
634 2000 890 2042 assiduitate
914 2006 955 2040 et
978 2000 1224 2041 innocentia
1247 2001 1359 2042 vitae
1383 2001 1568 2041 omnium

83 2072 240 2113 iudicio
275 2071 512 2125 superasti,
548 2071 649 2124 quin
683 2072 810 2112 etiam
843 2071 1051 2112 Eleusina
1084 2084 1221 2122 sacra,
1257 2072 1410 2123 quibus
1444 2085 1568 2113 nemo

84 2156 245 2184 nocens
279 2142 434 2184 adesse
468 2148 650 2196 poterat,
686 2143 720 2183 si
753 2149 1050 2196 repeterentur
1080 2142 1122 2182 in
1146 2155 1282 2193 usum,
1316 2149 1415 2183 tuae
1439 2143 1569 2196 potis-

85 2216 234 2256 simum
265 2214 537 2255 innocentiae
573 2228 622 2255 ac
656 2214 828 2267 puritati
867 2213 1239 2254 committerentur.
1288 2214 1440 2255 Nullus
1474 2213 1566 2255 dies

83 2286 288 2340 praeterit
318 2298 401 2337 quo
433 2285 511 2326 rite
544 2299 628 2327 non
661 2286 891 2339 supplices,
925 2286 1170 2338 templaque
1203 2286 1477 2338 frequentes3
1513 2299 1566 2326 ne

84 2357 190 2398 hora
222 2356 405 2409 quidem,
451 2371 534 2409 qua
567 2356 755 2397 divinum
788 2370 872 2397 non
906 2356 1100 2397 celebres
1134 2357 1330 2398 officium.
1378 2357 1566 2397 Mentem

84 2429 346 2482 impollutam
366 2434 643 2481 sanctamque
663 2440 908 2475 conservas,
931 2428 974 2467 in
993 2441 1077 2480 qua
1094 2441 1239 2468 verum
1263 2428 1346 2469 Dei
1367 2429 1565 2469 taberna-

85 2500 225 2541 culum
270 2499 470 2550 statuisti,
516 2499 588 2540 ubi
624 2499 753 2540 Jesus
791 2498 1003 2539 inhabitat
1045 2505 1085 2539 et
1124 2499 1398 2540 immaculata
1431 2500 1564 2552 virgo,

84 2569 197 2611 unde
230 2576 350 2610 tanta
382 2571 466 2620 lux,
501 2569 716 2624 splendor,
752 2569 964 2623 sapientia
997 2576 1039 2610 et
1071 2570 1303 2623 gratiarum
1338 2571 1462 2624 copia
1494 2570 1569 2610 tibi

85 2640 242 2686 defluit,
289 2647 334 2681 ut
366 2647 409 2682 et
453 2641 627 2681 Beatrix
673 2647 715 2682 et
758 2640 888 2681 beata
920 2640 1063 2694 possis
1097 2654 1122 2681 a
1155 2642 1320 2682 cunctis
1365 2641 1567 2694 gentibus

85 2712 306 2765 appellari.
354 2712 402 2752 In
435 2718 530 2752 tuos
564 2719 706 2752 autem
747 2717 950 2765 parentes
983 2724 1117 2763 usque
1152 2711 1260 2752 adeo
1295 2712 1379 2765 pia,
1414 2718 1457 2752 ut
1490 2725 1566 2765 pro

85 2783 260 2823 alterius
294 2783 435 2823 anima
469 2796 544 2836 pro
577 2783 666 2824 vita
699 2796 867 2835 quoque
901 2782 1077 2822 alterius
1111 2795 1198 2823 rem
1223 2783 1409 2823 divinam
1434 2782 1568 2835 quoti-

85 2852 153 2894 die
183 2851 426 2907 (quottidie)
462 2854 609 2894 facias.
645 2854 740 2903 Qua
773 2853 941 2906 quidem
968 2852 1127 2905 pietate
1162 2853 1357 2894 Martium
1383 2853 1568 2894 Coriola-

85 2937 183 2964 num
207 2930 249 2964 et
270 2923 613 2977 Epaminundam
649 2924 861 2978 superasti
893 2923 995 2963 item
1030 2922 1177 2964 Cleobi
1202 2931 1241 2964 et
1265 2924 1407 2964 Bitoni
1428 2923 1567 2964 fratri-
