1955 3278
79 429 147 463 960

78 783 145 817 965

79 1137 147 1171 970

80 1493 147 1526 975

81 1848 148 1882 980

82 2203 148 2236 985

83 2560 150 2593 990

85 2917 152 2951 995

1487 130 1557 164 323

227 276 436 318 Gentibus
468 274 689 329 Hesperie,
724 274 904 316 ducibus
937 274 1203 328 dominisque
1241 275 1418 317 Latinis.

225 347 280 388 Ni
311 347 437 388 fallor
470 346 676 388 Corvinus
708 344 846 396 adest,
881 345 951 397 qui
982 346 1067 386 vite
1102 345 1306 394 Quiritum

226 418 394 471 Dignus
418 422 510 458 erat
531 416 693 468 merita,
729 422 771 457 et
793 415 925 463 Rome
959 421 1132 468 gestare
1156 416 1405 470 triumphos.

227 488 339 539 Quid
371 488 407 529 si
438 486 652 530 vixisset?
685 486 857 541 propria
889 492 932 527 et
965 486 1001 527 si
1033 500 1209 528 munera
1241 487 1325 535 vite

227 560 457 614 Captasset
489 571 725 612 generosus
759 570 906 610 eques,
944 557 1118 598 fulsisse
1154 558 1349 611 superbis

228 630 340 680 Quot
362 630 544 684 sceptris
567 629 779 683 potuisset
801 641 921 680 avus,
945 641 1164 681 regnoque
1188 635 1424 682 parentum.

226 702 335 743 Urse
367 701 492 742 nimis
524 707 569 741 tu
601 706 735 740 morte
768 699 903 751 doles,
936 698 1013 740 tibi
1047 712 1216 753 semper
1242 700 1442 741 acerbum

228 773 331 814 Cum
364 772 607 814 meminisse
642 771 755 813 diem
787 770 861 812 leti
894 783 1126 823 casumque
1159 770 1317 812 licebit.

226 844 306 885 Hic
338 843 470 885 decus
503 855 713 884 armorum
747 848 938 893 steterat,
971 855 1072 882 num
1104 842 1191 882 tela
1224 841 1398 883 Gradivi

225 914 431 956 Vibrabat
464 912 649 955 dextra?
683 920 864 967 possunt
898 919 940 954 et
972 912 1148 954 credere
1182 919 1350 954 vectum

227 985 429 1027 Curribus
463 984 670 1039 Odrysiis,
703 985 936 1026 Turcorum
969 984 1056 1037 pila
1088 983 1278 1036 refregit.

225 1056 279 1098 Et
309 1057 448 1098 iurata
480 1057 580 1098 viris
614 1056 830 1097 coniunxit
862 1054 1041 1096 foedera
1075 1054 1249 1105 Corvus,

226 1128 348 1169 Acris
382 1133 474 1169 erat
505 1133 665 1169 terrore
699 1140 774 1168 suo
809 1126 1029 1179 quatiebat
1062 1124 1299 1179 Olympum,

227 1198 541 1252 Pugnabatque
574 1198 696 1240 ferox
729 1198 807 1239 alis
840 1196 1133 1238 minitantibus
1166 1196 1264 1237 iras.

228 1270 442 1311 Mulcebat
474 1276 635 1310 turmas
669 1269 855 1322 equitum
888 1267 1116 1322 prudentia
1148 1267 1256 1308 tanti

227 1341 385 1394 Magna
408 1341 542 1392 ducis,
565 1340 697 1381 dabat
720 1347 847 1393 atque
868 1346 1007 1381 metus
1029 1352 1222 1380 connexa
1242 1339 1448 1381 volentes.

227 1411 421 1453 Instabat
455 1425 647 1465 serpens,
680 1412 958 1465 vigilantibus
992 1411 1163 1453 armifer
1194 1411 1309 1452 horis

229 1483 404 1534 Ductor,
439 1482 495 1524 ad
518 1489 731 1525 extremos
754 1483 968 1524 meditans
1000 1482 1201 1524 Mavortis
1225 1482 1422 1523 honores.

227 1554 501 1595 Persultabat
534 1567 643 1607 equo
676 1554 869 1595 tendenti
901 1553 956 1595 ad
990 1553 1095 1595 dura
1127 1553 1332 1594 laborum.

227 1625 331 1666 Post
362 1625 544 1667 herebat
575 1638 709 1667 ovans
742 1631 868 1677 terra,
902 1638 1032 1676 mare,
1067 1625 1221 1677 sydere
1254 1630 1379 1665 notus

227 1696 419 1748 Bossius,
453 1697 633 1738 hostiles
666 1709 892 1738 revomens
924 1697 967 1737 in
1000 1696 1139 1737 fronte
1172 1696 1351 1737 furores.

229 1767 365 1817 Quam
399 1768 603 1822 predulce
637 1768 770 1809 decus
802 1767 1000 1809 radiabat
1034 1780 1212 1821 corpore
1246 1774 1383 1809 vasto.

227 1838 336 1880 Hinc
369 1839 453 1880 dux
486 1839 708 1881 horrisono
740 1839 937 1893 fulgebat
969 1839 1095 1880 corde
1129 1838 1354 1892 Philippus

226 1909 410 1963 Vipereo
442 1911 598 1951 lectam
631 1916 803 1964 gentem
837 1910 1066 1964 splendore
1102 1922 1323 1950 coruscam

228 1980 452 2034 Aspiciens
486 1981 643 2023 blando
675 1982 807 2033 vultu,
841 1981 926 2023 dux
958 1981 1139 2022 Hermus
1173 1986 1215 2021 et
1246 1980 1381 2029 Altus,

228 2051 508 2105 Donatusque
543 2066 700 2103 comes,
734 2053 897 2106 campis
928 2052 971 2092 in
1002 2051 1080 2093 rite
1113 2051 1326 2092 iacebant.

227 2123 484 2165 Deseruisse
517 2124 635 2165 locos
669 2123 808 2164 subito
843 2123 1114 2165 sanctissima
1145 2129 1266 2164 vates

229 2194 459 2236 Admonuit
490 2195 699 2248 geminos,
733 2208 860 2248 agros
892 2208 969 2236 vos
1000 2194 1058 2235 ite
1091 2193 1242 2234 beatos

228 2265 503 2319 Elysiamque
537 2266 720 2317 domum,
754 2266 915 2320 prolem
947 2265 1127 2306 lustrare
1159 2264 1343 2305 futuram

228 2336 351 2377 Alma
371 2336 497 2389 dabo,
531 2343 573 2378 et
596 2343 778 2390 quantos
802 2342 981 2390 surgant
1002 2336 1045 2376 in
1066 2348 1202 2389 regna
1223 2341 1417 2389 nepotes.

229 2406 332 2448 Inde
366 2407 489 2449 datos
522 2413 680 2450 acuunt
711 2421 901 2461 gressus,
936 2407 1140 2460 sylchue
1175 2417 1325 2454 serene

229 2478 308 2520 Vix
329 2493 381 2520 ea
402 2485 518 2521 tecta
541 2486 701 2531 tenent,
734 2480 888 2532 ingens
914 2478 1013 2519 furit
1034 2490 1135 2519 ecce
1161 2476 1390 2530 Gigantum

230 2551 402 2600 Umbra,
427 2556 706 2605 strepuntque
730 2563 874 2602 canes,
897 2562 1025 2591 voces
1048 2548 1327 2602 rapidumque
1349 2548 1519 2589 leonum

231 2622 551 2675 Terrigeneque
574 2628 730 2673 truces,
753 2627 795 2662 et
818 2621 971 2675 sphinx
995 2625 1037 2661 et
1066 2619 1209 2672 Scylla
1231 2619 1420 2660 minaces

230 2693 379 2734 Alecto
411 2693 638 2746 inpatiens,
673 2699 715 2735 et
746 2693 864 2734 foeta
896 2704 1041 2733 cruore
1075 2690 1260 2743 Megera.

231 2764 556 2817 Monstroseque
588 2770 713 2804 ruunt
745 2763 953 2813 volucres,
987 2761 1148 2803 telluris
1181 2761 1362 2802 alunnus

233 2834 524 2886 Centimanus,
558 2834 701 2876 stabat
732 2834 872 2875 medio
906 2832 1120 2874 discordia
1151 2832 1291 2873 letans

232 2907 463 2948 Terribiles
495 2906 668 2957 formas,
701 2905 861 2947 macies
894 2910 935 2946 et
967 2903 1115 2958 pallor,
1148 2908 1322 2957 egestas

1354 2984 1419 3016 21โดยน
