1955 3278
359 136 426 170 19ss

357 280 531 324 militum
566 290 741 320 numero
775 276 1039 328 abundabat,
1075 290 1127 318 ex
1155 277 1346 330 equitatu
1370 291 1419 319 ac
1441 278 1634 332 peditatu
1658 280 1846 334 amplum

357 354 499 406 coegit
545 349 791 392 exercitum.
843 347 1148 401 Consertisque
1182 348 1374 402 pluribus
1419 349 1596 403 proelijS
1635 351 1846 405 amplissi-

358 439 471 468 mam
504 420 738 476 reportavit
761 419 996 461 victoriam.
1029 419 1126 461 Fuit
1149 420 1185 460 is
1207 420 1393 461 Ioannes
1416 420 1633 462 Vaivoda:
1666 421 1708 463 id
1733 423 1846 475 quod

358 494 553 539 oblivisci
586 506 671 534 non
694 492 899 546 potestis:
935 491 1005 544 qui
1029 491 1164 545 signis
1188 504 1281 533 cum
1315 491 1560 534 Mahumeto
1582 493 1845 547 reipublicae

302 587 311 597 ·
355 567 615 611 christianae
640 563 932 605 inimicissimo
955 563 1122 604 collatis
1145 563 1340 616 superior
1360 562 1573 605 discessit.
1599 564 1690 606 Nec
1713 565 1766 607 ab
1792 579 1842 607 eo

355 639 558 682 Matthias
592 634 886 689 degeneravit.
921 634 1029 675 Nam
1064 647 1157 675 cuin
1191 634 1349 688 primos
1382 634 1479 675 illos
1513 648 1649 677 annos
1691 636 1845 678 hones-

355 710 532 754 tissimis
556 707 743 749 moribus
765 712 806 747 et
839 704 1010 759 optimis
1029 704 1268 759 disciplinis
1292 706 1633 760 consumpsisset
1654 707 1846 761 reliquae

356 782 512 825 aetatis
545 780 673 822 robur
705 777 760 820 ad
793 791 880 818 rem
914 776 1139 817 militarem
1161 776 1376 830 applicuit.
1411 776 1458 817 Id
1482 777 1650 831 consilij
1676 780 1846 831 quantis

354 855 484 897 fuerit
513 851 714 894 laudibus
748 850 1013 892 celebratum
1047 847 1139 900 quis
1172 848 1378 900 ignorat?
1423 848 1526 890 Cum
1560 850 1670 890 enim
1704 858 1846 892 mente

357 926 473 981 agito
508 930 711 977 quantam
744 921 923 974 gloriam
956 920 1114 974 populo
1148 919 1381 961 christiano
1414 921 1476 962 rei
1508 921 1691 963 bellicae
1714 922 1847 963 virtus

357 996 571 1040 attulerit:
607 1008 716 1048 quae
749 993 810 1034 illi
842 991 1054 1033 beneficia
1074 991 1324 1033 contulerit:
1360 1005 1454 1032 eam
1475 993 1630 1034 ceteris
1653 993 1847 1034 omnibus

357 1068 600 1124 praeferam
645 1077 827 1106 necesse
873 1069 949 1104 est.
999 1062 1118 1104 Haec
1164 1062 1332 1104 effecit:
1379 1064 1527 1117 utqui
1572 1064 1845 1106 Pannoniae:

360 1139 643 1183 Germaniae:
690 1136 867 1177 Italiae:
914 1134 1288 1189 compluribusque
1328 1136 1572 1177 nationibus
1605 1135 1848 1177 christianis

361 1211 590 1254 crudeliter
642 1208 907 1262 turpiterque
960 1206 1172 1260 imperare
1224 1213 1435 1250 statuerat
1484 1207 1756 1250 Mahumetus
1806 1208 1848 1248 in

360 1283 568 1325 maximas
590 1280 869 1321 difficultates
891 1277 1188 1322 adduceretur.
1224 1280 1331 1321 Nam
1358 1293 1453 1321 cum
1475 1279 1679 1321 minorem
1702 1280 1848 1321 Asiam

361 1361 601 1406 cunctaque
635 1353 727 1393 eius
760 1364 895 1404 regna
927 1351 1084 1392 multas
1117 1364 1367 1404 graecorum
1394 1351 1548 1393 urbes:
1581 1352 1720 1405 ipsam
1740 1351 1849 1392 Con-

362 1424 683 1478 stantinopolim
702 1422 830 1463 totius
848 1421 1024 1463 orientis
1043 1423 1175 1465 decus
1193 1429 1322 1476 atque
1341 1428 1656 1464 ornamentum:
1682 1435 1847 1464 omnem

359 1498 725 1551 Peloponessum:
753 1493 984 1534 Achaiam:
1018 1494 1245 1548 Epirrhum
1267 1493 1514 1547 Bulgariam
1535 1493 1651 1535 haud
1673 1507 1847 1548 parvam

360 1568 641 1610 Macedoniae
669 1572 832 1619 partem
868 1565 946 1606 sub
979 1565 1156 1619 imperio
1191 1579 1268 1607 suo
1302 1565 1544 1619 redegisset
1577 1578 1849 1618 magnaquae

360 1640 510 1682 Misiae
557 1638 788 1692 superioris
822 1650 922 1691 pars
954 1637 1105 1677 timore
1152 1636 1341 1678 adducta
1373 1636 1428 1677 ad
1462 1650 1557 1677 eum
1601 1636 1848 1678 defecisset.

360 1711 563 1752 Bosinam
596 1711 772 1762 insuper
805 1708 919 1761 agris
952 1714 1051 1749 ante
1085 1708 1174 1761 igni
1206 1708 1405 1761 ferroque
1440 1709 1622 1750 vastatis
1658 1722 1709 1749 ac
1746 1720 1848 1760 rege

361 1790 512 1836 capto:
560 1788 601 1822 et
635 1780 809 1821 Lesbon
843 1793 946 1820 suae
975 1780 1146 1821 ditionis
1179 1781 1381 1822 fecisset:
1428 1794 1481 1822 ne
1514 1780 1646 1821 ullum
1680 1780 1850 1833 quidem

360 1861 565 1896 terrorem
608 1852 754 1893 iniecit
797 1851 1016 1892 Matthiae.
1066 1851 1332 1904 Quamquam
1372 1852 1485 1892 enim
1518 1852 1689 1906 copias:
1737 1851 1850 1905 quod

362 1939 507 1967 earum
541 1937 715 1964 numero
750 1922 943 1977 superior
976 1929 1067 1972 erat
1098 1923 1141 1963 in
1174 1923 1440 1964 Pannoniam
1474 1921 1527 1974 (si
1558 1922 1729 1975 quidem
1759 1923 1850 1963 eius

361 1997 484 2049 regni
518 1994 788 2049 adipiscendi
822 2008 942 2048 spem
978 1994 1059 2035 sibi
1091 1995 1391 2047 constituerat)
1426 1994 1701 2035 deduxisset:
1737 2008 1850 2035 eam-

362 2082 444 2121 que
492 2067 720 2121 populatus
754 2072 883 2107 esset.
934 2065 1137 2106 Matthias
1171 2073 1315 2106 tamen
1349 2079 1443 2107 cum
1488 2065 1691 2119 expedita
1724 2078 1850 2105 manu

360 2152 458 2181 sese
490 2139 551 2179 illi
584 2137 753 2179 obiecit.
807 2137 862 2178 Ut
895 2143 1067 2178 ventum
1100 2144 1166 2178 est
1198 2137 1253 2178 ad
1300 2150 1450 2177 manus
1496 2150 1546 2177 ac
1581 2136 1651 2177 diu
1684 2149 1849 2190 pugna-

361 2217 474 2251 tum:
513 2216 688 2251 coactus
723 2215 787 2249 est
821 2208 1032 2249 barbarus
1066 2216 1188 2262 terga
1222 2208 1337 2249 dare.
1388 2208 1619 2248 Ture-orum
1654 2207 1750 2261 plus
1784 2209 1851 2248 tri-

362 2282 481 2334 ginta
515 2281 630 2321 milia
663 2293 793 2322 caesa
827 2286 925 2320 sunt
959 2294 1092 2334 prope
1127 2280 1274 2321 decem
1310 2279 1425 2320 milia
1458 2286 1597 2333 capta.
1648 2278 1849 2319 Maiorem

362 2353 550 2393 Bosinae
595 2359 785 2406 partem:
833 2365 916 2404 qua
948 2351 1019 2392 ille
1059 2352 1217 2405 potitus
1252 2358 1367 2391 erat:
1414 2351 1483 2391 hic
1516 2350 1677 2403 recepit
1721 2357 1850 2402 atque

360 2423 538 2477 imperio
573 2436 649 2464 suo
683 2423 851 2464 adiecit.
894 2423 959 2463 De
993 2428 1114 2463 tanta
1146 2423 1323 2464 victoria
1357 2422 1428 2463 ubi
1461 2428 1637 2462 senatus
1669 2427 1850 2462 venetus

362 2495 516 2535 certior
559 2495 701 2536 factus
736 2500 825 2535 est:
872 2494 1040 2547 legatos
1073 2501 1250 2547 repente
1284 2493 1338 2534 ad
1372 2493 1594 2534 Matthiam
1638 2491 1851 2545 proficisci

361 2568 504 2608 iubet:
540 2567 610 2619 qui
641 2565 694 2607 de
725 2579 777 2606 ea
805 2565 865 2606 illi
898 2566 1165 2618 gratulentur
1198 2577 1451 2617 omnemque
1479 2570 1729 2604 venetorum
1751 2575 1850 2617 ope-

362 2652 451 2679 ram
475 2638 770 2691 polliceantur.
807 2636 911 2678 Cum
934 2637 1196 2689 legationem
1224 2636 1539 2689 exposuissent,
1572 2635 1614 2675 in
1639 2640 1850 2675 secretum

363 2709 643 2751 abducuntur.
678 2708 759 2758 Qui
792 2708 975 2749 caeteris
1008 2707 1164 2761 legatis
1188 2714 1331 2748 aetate
1353 2706 1544 2747 anteibat
1574 2713 1615 2747 et
1638 2704 1850 2759 gravitate

363 2781 609 2834 prestabat:
658 2794 764 2833 quas
809 2779 981 2821 dicendi
1025 2785 1170 2832 partes
1215 2778 1417 2818 Matthias
1458 2777 1539 2818 sibi
1584 2782 1849 2830 sumpserat:

364 2866 439 2893 eas
473 2852 585 2892 illius
619 2851 923 2905 preoccupavit
956 2850 1103 2892 oratio.
1138 2849 1301 2902 Regem
1334 2849 1475 2902 igitur,
1511 2847 1625 2900 quod
1656 2847 1716 2888 ita
1744 2847 1850 2901 ipsis

366 2937 390 2962 a
414 2930 566 2964 senatu
588 2923 629 2962 in
656 2922 867 2963 mandatis
902 2921 1047 2963 datum
1071 2929 1199 2970 esset,
1235 2921 1289 2962 ad
1312 2920 1540 2962 iucundam
1565 2932 1659 2960 cum
1682 2918 1850 2959 venetis
