1955 3278
407 155 475 190 226

408 523 475 557 190

407 880 473 912 195

409 1594 476 1628 205

407 1951 474 1985 210

528 301 612 342 Cur
644 301 781 343 sinitis
814 302 994 356 patriam
1029 303 1217 357 graviter
1248 304 1439 345 lacerare
1474 304 1697 356 misellam,

586 372 706 422 Quae
739 385 896 426 magno
929 374 1045 415 venit
1078 382 1199 428 parta
1232 374 1379 415 labore
1412 374 1574 416 nimis?

525 442 680 484 Nobile
713 456 787 485 cur
818 456 973 485 nomen
1007 444 1160 499 cupitis
1194 445 1437 497 famamque
1471 458 1703 499 perennem

583 514 771 555 Perdere
805 519 891 555 tam
924 515 1068 569 tepide
1102 516 1393 570 pauperieque
1428 514 1598 570 premi?

525 584 677 626 Nonne
710 585 860 627 volunt
892 586 1087 628 homines
1122 587 1261 628 cuncti
1295 587 1555 641 cupiuntque
1589 587 1777 629 vicissim

584 656 803 698 Libertate
836 656 918 697 frui
953 658 1202 699 condicione
1236 658 1328 712 pari
1343 657 1365 698 'P

524 727 677 769 Nonne
711 728 850 769 solent
884 729 1011 770 etiam
1047 730 1239 783 proprios
1273 729 1508 771 defendere
1542 730 1685 771 foetus

584 799 793 852 Aligenae
826 800 1022 841 volucres
1056 800 1361 852 silvicolaeque
1395 800 1552 841 ferae?

524 869 578 910 Et
610 883 777 912 vermes
810 871 973 925 pariter
1006 871 1148 911 caecis
1182 871 1376 913 habitare
1410 871 1602 923 latebris,

586 943 641 984 Ut
673 942 844 996 placida
878 956 1049 996 semper
1080 942 1224 984 vivere
1258 955 1366 996 pace
1401 942 1597 996 queant?

524 1013 635 1054 Aere
671 1013 732 1054 sic
764 1013 960 1055 volucres
995 1020 1166 1054 teneros
1201 1014 1450 1066 contingere
1483 1014 1639 1065 foetus,

583 1084 647 1125 Ne
681 1085 824 1125 valeat
858 1085 1083 1138 quisquam
1116 1084 1351 1135 nidificare,
1386 1085 1540 1133 solent,

527 1154 921 1209 Squamigeraeque
942 1156 953 1177 ¹
987 1162 1138 1196 natant
1170 1155 1360 1209 pecudes
1382 1156 1425 1196 in
1447 1156 1615 1209 gurgite
1638 1163 1775 1208 vasto,

584 1227 639 1268 Ut
672 1227 806 1268 vitent
838 1227 1004 1271 hamos.
1037 1226 1190 1277 retia,'-'
1225 1240 1350 1278 noxa,
1384 1226 1517 1268 dolos.

524 1298 577 1338 Et
608 1298 727 1339 foetu
760 1299 928 1352 privata
960 1299 1060 1339 furit
1093 1299 1342 1351 catulosque
1375 1297 1586 1339 ferentem

583 1370 738 1423 Tygris
773 1377 814 1411 et
846 1371 953 1411 irato
988 1370 1116 1411 dente
1149 1370 1320 1411 inimica
1353 1369 1473 1423 petit.

527 1440 799 1495 Setigerique
833 1455 932 1482 sues
965 1442 1113 1482 ineunt
1147 1442 1207 1482 sic
1240 1440 1404 1494 praelia
1437 1453 1619 1494 semper,

585 1513 649 1554 Ne
683 1514 823 1567 rapiat
854 1521 1003 1567 partus
1037 1513 1216 1565 quisque
1250 1518 1428 1565 repente
1462 1524 1576 1553 suos,

527 1585 580 1625 Et
612 1585 680 1626 leo
716 1586 776 1627 sic
808 1585 971 1626 rabiem
1006 1597 1161 1639 prenso
1195 1583 1405 1625 consumit
1424 1582 1438 1603 ³
1469 1583 1512 1623 in
1546 1583 1684 1635 hoste,

585 1656 720 1698 Ursus
754 1662 796 1697 et
827 1655 1019 1697 informis
1053 1655 1184 1709 prolis
1218 1668 1361 1695 amore
1395 1653 1505 1694 furit.

525 1727 648 1769 Hunc
681 1728 840 1782 pariter
873 1735 1045 1769 servant
1079 1725 1313 1767 animantia
1346 1731 1500 1766 cuncta
1532 1732 1738 1778 tenorem,

585 1799 641 1840 Ut
672 1799 847 1840 valeant
879 1799 1008 1839 vitam
1042 1799 1103 1839 sic
1136 1798 1320 1839 retinere
1355 1810 1488 1837 suam.

526 1870 611 1911 Vos
644 1877 788 1911 tamen
820 1870 957 1924 ignari
991 1870 1143 1911 charos
1177 1870 1320 1910 delere
1353 1875 1534 1922 penates

584 1942 637 1982 Et
670 1942 864 1996 proprios
899 1941 1035 1982 sinitis
1069 1941 1333 1995 depopulare
1367 1940 1499 1981 focos.

524 2014 602 2054 Est
634 2013 773 2068 pudor
802 2013 1036 2054 immensus
1070 2013 1190 2054 vobis
1224 2013 1433 2053 violenter
1465 2011 1518 2052 ab
1553 2010 1691 2063 hoste,

583 2084 747 2126 Tantas
780 2084 959 2126 insidias
993 2084 1289 2137 excidiumque
1322 2083 1412 2137 pati

525 2156 668 2210 Turpe
701 2156 983 2197 rudimentum
1019 2163 1084 2197 est
1116 2156 1281 2209 patriae
1313 2155 1478 2195 ratione
1513 2154 1664 2196 relicta

586 2226 786 2280 Segniter
820 2234 1040 2281 expertum
1074 2229 1136 2268 sic
1168 2228 1351 2268 tolerare
1385 2226 1557 2267 malum.

456 2309 471 2317 ⁷
524 2295 592 2339 An
626 2298 774 2339 solidis
808 2298 923 2340 vidui
956 2312 1157 2353 proceres
1190 2312 1215 2338 a
1249 2298 1407 2339 viribus
1441 2297 1544 2338 estis

584 2370 799 2421 Imbelles,
833 2370 998 2424 inopes,
1033 2370 1264 2411 consiliove
1298 2367 1463 2410 rudes?

524 2442 590 2482 An
622 2455 699 2483 vos
732 2455 817 2482 non
851 2441 989 2483 facilis
1023 2442 1182 2495 pariter
1213 2449 1366 2482 natura
1400 2439 1572 2481 creavit.

583 2513 825 2554 Assuetos4
859 2513 982 2554 bellis
1014 2513 1274 2566 ingenioque
1307 2509 1498 2565 graves?

524 2584 619 2625 Non
654 2584 809 2626 desunt
841 2585 962 2625 vobis
995 2584 1133 2626 fustes
1167 2597 1240 2625 cur
1272 2596 1409 2636 aeque
1443 2594 1631 2633 secures,

584 2656 680 2697 Non
713 2656 840 2706 conti,
876 2657 1016 2709 clypei
1048 2655 1334 2708 terribilisque
1367 2654 1513 2705 tubae,

525 2727 621 2768 Non
655 2740 782 2768 enses
815 2727 960 2778 validi,
993 2727 1191 2777 balistae,
1226 2728 1397 2780 telaque
1432 2739 1578 2776 saeva,

583 2798 679 2839 Non
712 2812 836 2839 arcus
870 2798 981 2849 flexi,
1017 2798 1182 2852 spicula
1215 2812 1359 2849 caeca,
1394 2797 1527 2838 simul.

528 2948 538 2967 ¹
566 2949 935 2993 squammigeraeque.
955 2954 998 2983 A.
1039 2949 1049 2967 ²
1078 2949 1190 2983 Recia
1208 2951 1249 2983 A.
1295 2950 1307 2967 ²³
1325 2949 1543 2983 consummit
1563 2951 1604 2982 A.
1634 2950 1645 2967 ⁴
1665 2948 1828 2983 Asuetos
1846 2949 1890 2982 A.
