1955 3278
80 482 149 516 660

78 837 147 871 665

77 1192 147 1226 670

77 1548 145 1582 675

76 1903 145 1937 680

76 2260 145 2293 685

77 2615 145 2649 690

1495 118 1564 152 315

231 259 399 313 Quippe
433 259 567 301 virum
601 272 732 314 super
763 264 977 301 extremos
1016 261 1259 302 extenditur
1289 261 1419 303 Indos

228 330 289 372 Αο
322 330 504 384 Gangen
536 330 684 372 Latias
716 329 831 371 fama
865 331 1068 372 exaudita
1099 346 1175 385 per
1206 332 1347 374 urbes.

226 401 305 443 Hic
337 414 539 454 magnum
571 401 751 455 replevit
784 414 891 455 opus
925 401 1143 443 Ciceronis
1177 408 1218 444 et
1251 409 1364 444 artes

231 472 375 526 Scipio
408 478 505 525 post
537 471 729 524 sequitur
759 471 952 513 Romana
985 473 1126 514 celsus
1157 474 1201 513 in
1234 487 1331 515 arce

228 542 431 584 Paeoniis
466 540 525 596 (ni
556 540 697 597 fallor)
730 542 855 584 adest
886 544 1145 596 prestantior
1177 544 1321 586 herbis

226 615 469 668 Pergamon
486 614 585 655 huic
603 620 839 655 memorant
857 614 1025 656 doctam
1044 616 1295 669 turbamque
1319 617 1563 658 medentum

228 685 510 726 Concessisse
543 685 696 736 locum,
732 685 862 726 cessit
894 685 1159 728 Poenantius
1191 687 1303 728 idem

227 757 366 809 Atque
399 761 592 809 repertor
625 755 719 809 opis
751 756 880 804 160116
914 763 1108 798 servator
1141 764 1183 799 et
1215 759 1329 799 artis.

227 827 400 869 Rectius
433 827 503 868 1110
534 832 705 881 poterat
738 827 932 868 salientis
965 827 1119 881 pollice
1152 842 1287 870 venas

226 898 480 939 Pertentare
514 911 590 939 suo
625 903 667 938 61
699 897 873 939 dubiam
907 911 1170 952 cognoscere
1203 906 1383 953 pestem.

225 969 334 1011 Hinc
366 969 525 1010 Marius
557 969 822 1021 Bibulusque
860 982 987 1023 pares
1020 970 1062 1010 in
1096 983 1274 1024 corpore
1308 971 1423 1012 cives

227 1039 362 1082 Ambo
395 1040 589 1088 Romulei
622 1046 845 1083 servantes
878 1053 950 1082 ore
985 1046 1174 1091 senatus7

225 1111 415 1153 Exorant
447 1111 733 1165 precibusque
768 1111 886 1153 deos.
919 1111 1030 1153 Hinc
1063 1125 1162 1153 aere
1197 1112 1408 1166 superbus

226 1182 472 1236 Marganus7
507 1181 669 1223 tumida
701 1182 874 1223 nimium
908 1189 1056 1236 putate
1088 1183 1284 1237 podagra

227 1252 474 1304 Contorsus,
507 1253 753 1306 Paulusque
787 1267 922 1305 31111111,
957 1254 1028 1306 qui
1061 1259 1197 1295 certat
1230 1256 1372 1296 arenis

226 1324 449 1376 Auriferis,
483 1324 713 1377 Hermique
747 1325 858 1378 Tagi
889 1325 1093 1378 fulvoque
1126 1326 1299 1368 metallo

224 1396 404 1447 Pactoli,
438 1396 645 1449 Duriique
680 1396 784 1437 satis
817 1396 889 1450 pia
920 1402 1022 1438 vota
1054 1396 1240 1442 dicabat,

225 1467 362 1508 Titius
397 1473 439 1508 et
470 1467 607 1521 patric
642 1473 834 1509 servator
866 1467 1021 1508 nobilis
1054 1468 1163 1516 alme

226 1537 431 1579 Natorum
465 1551 641 1579 numero
674 1538 871 1592 gaudens
904 1551 1119 1591 aequasse
1154 1539 1379 1587 Camenas,

225 1609 279 1650 Et
311 1615 437 1650 natos
470 1610 676 1663 genuisse
710 1623 851 1663 pares,
886 1610 1052 1651 virtutis
1085 1616 1278 1661 aventes,

226 1679 578 1734 Conspicuosque
602 1686 717 1733 toga,
747 1686 788 1721 et
811 1680 972 1722 dociles
997 1681 1222 1723 dulcedine
1245 1682 1431 1724 laudum.

224 1751 314 1792 Hos
347 1764 494 1792 01111163
528 1764 766 1805 generosus
800 1765 932 1804 eques
965 1766 1042 1806 per
1075 1765 1199 1794 sacra
1232 1753 1442 1794 trahebat.

224 1821 316 1864 Nec
348 1836 433 1864 non
465 1823 674 1863 instaurat
708 1823 943 1876 splendens
975 1823 1185 1864 Antonius
1218 1824 1342 1865 annis

224 1893 329 1935 Inde
362 1893 497 1944 focos⁷
531 1894 711 1947 viveque
746 1894 892 1935 colens
926 1895 1078 1935 altaria
1109 1894 1278 1943 flamme

225 1964 421 2006 Nubibus
455 1970 497 2006 et
528 1966 646 2007 lenta
679 1966 793 2018 quod
826 1966 952 2007 sudat
984 1966 1135 2007 fronde
1170 1966 1336 2009 Sabeis.

224 2036 329 2077 Post
348 2036 566 2077 Marianus
590 2043 695 2089 6161,
721 2038 912 2089 sequitur
932 2051 1058 2090 quem
1080 2037 1272 2079 brancha
1294 2038 1460 2091 pudicis

225 2107 426 2159 Vocibus,
462 2113 504 2148 et
535 2104 700 2162 patrem
734 2108 935 2150 servabat
967 2108 1189 2162 gressibus
1223 2121 1331 2150 unus

224 2179 341 2220 Iulus
375 2192 446 2219 ore
482 2178 655 2230 decens,
691 2179 826 2221 flavos
858 2186 1031 2232 gestare
1064 2179 1244 2233 capillos

226 2249 451 2291 Certantes
485 2264 589 2292 auro
624 2258 666 2291 et
697 2250 905 2291 radiantis
939 2251 1053 2291 crine
1087 2250 1253 2292 Batavi.

226 2320 520 2374 Saxorumque
554 2322 704 2363 domus
737 2322 870 2362 titulis
903 2321 1183 2363 celeberrima
1216 2321 1381 2375 priscis.

225 2388 557 2446 Attribuuntque
591 2406 719 2434 senes
752 2393 934 2447 propriis
968 2406 1045 2433 sua
1078 2392 1252 2433 numina
1284 2392 1405 2441 divis,

226 2462 312 2505 Ora
344 2464 478 2505 sacris
512 2464 684 2517 arisque
717 2464 822 2505 locis
854 2464 1019 2504 intenta
1051 2464 1268 2505 tenebant.

225 2535 391 2577 Nobilis
425 2542 467 2577 et
497 2535 587 2576 leta
621 2535 848 2589 spectabat
880 2534 1018 2575 fronte
1054 2534 1255 2575 Camillus

224 2606 397 2648 Mathea
430 2606 483 2647 de
516 2612 645 2660 gente
679 2613 798 2647 satus
831 2612 929 2659 post
963 2605 1138 2646 Carolus
1172 2606 1280 2646 alter

225 2677 376 2719 Frater
406 2678 603 2731 inoptata
635 2676 923 2717 miserandum
957 2682 1070 2717 sorte
1103 2682 1350 2730 peremptus

225 2748 371 2789 Funus
405 2748 668 2802 adimplevit,
702 2747 852 2801 puduit
885 2761 969 2788 non
1003 2760 1160 2801 aspera
1192 2746 1318 2788 fata‘?

224 2819 301 2860 Ille
335 2826 462 2872 caput
494 2819 683 2872 regionis
717 2825 820 2868 6161,
854 2825 1052 2872 patrasse
1086 2817 1360 2871 nephandum

227 2888 261 2931 Ο
296 2891 451 2942 3061113,
485 2890 704 2943 ingentem
736 2891 896 2931 luctum
929 2889 1172 2943 pariterque
1206 2888 1380 2930 dedisse
