1955 3278
1500 135 1564 167 141

85 279 174 320 suis
206 279 323 320 libris
356 279 499 331 legum
533 277 754 332 praecipit,
789 284 833 317 ut
864 278 986 331 pueri
1012 291 1147 330 usque
1174 277 1230 318 ad
1257 283 1441 318 aetatem
1466 276 1566 317 duo·
1624 288 1740 318 vinum

87 349 339 402 devigesimi
360 349 460 390 anni
482 349 652 390 omnino
674 348 771 389 vino
796 348 1052 389 abstineant.
1089 348 1198 397 Quia
1221 348 1257 389 si
1280 347 1334 388 ad
1358 340 1781 399 1’01’1’01·0111ξ’ῙῑΠῗῑζῑῑθΓῑ5

85 419 240 460 aetatis
274 420 390 461 calor
420 419 507 461 vini
539 418 734 470 addatur,
767 424 867 460 tunc
898 419 1011 472 ignis
1033 419 1122 471 igni
1149 419 1404 472 suggeritur.
1438 418 1570 465 Idem,
1590 391 1769 423 mmb'mm'

84 491 220 542 inquit
252 490 535 543 Hieronymus
569 489 624 531 ad
656 490 948 541 Eustochium,
989 489 1102 542 quod
1134 490 1277 530 vinum
1311 489 1468 542 duplex
1504 496 1569 530 est

83 561 127 601 in
161 561 457 603 adulescentia
488 560 731 602 incendium
762 560 1008 614 voluptatis,
1056 560 1155 613 quia
1187 561 1326 601 oleum
1371 559 1568 601 flammae

85 632 319 673 adiicimus.
370 632 574 673 Prohibet
620 638 661 672 et
699 631 956 672 Plutarchus
997 631 1041 671 in
1080 631 1322 684 praeceptis
1362 630 1414 671 de
1454 631 1569 671 vale-

86 702 246 754 tudine,
292 708 337 742 ut
380 716 433 743 ne
478 702 589 756 ignis
635 702 690 743 ad
734 702 892 755 ignem,
938 702 1129 755 impletio
1176 701 1230 742 ad
1265 702 1569 755 impletionem,

85 786 247 814 merum
280 773 335 814 ad
367 787 528 814 merum
561 773 758 814 addatur.
805 772 1162 825 Quandoquidem
1202 773 1323 826 pueri
1362 779 1403 814 et
1443 773 1569 814 etiam
1619 775 1742 805 Pueros

86 857 214 885 senes
247 841 385 896 (testis
419 850 485 885 est
516 844 769 886 Aristoteles
802 844 844 884 in
867 842 1162 897 problematis)
1196 844 1319 884 citius
1352 829 1783 917 1011101111111·5ὶῖῘὶῙὲῃέῖᾶΠἸ

87 922 128 956 et
160 915 397 964 vincuntur,
431 915 501 955 isti
534 915 721 966 defectu,
766 914 828 955 illi
860 928 1042 955 excessu
1075 914 1229 955 caloris
1263 915 1386 966 quasi
1418 920 1569 954 natura
1634 933 1727 963 viros,

87 985 321 1027 debilitate.
354 986 494 1027 Minus
526 992 671 1026 tamen
703 999 860 1040 pueros
894 985 1010 1026 sitire
1045 998 1171 1037 quam
1194 985 1320 1036 viros,
1355 985 1455 1026 licet
1488 998 1571 1026 non

85 1056 223 1097 minus
257 1056 384 1097 calidi
417 1057 499 1097 sint
523 1070 649 1109 quam
671 1057 761 1107 viri,
787 1056 885 1109 quia
907 1056 1107 1097 videlicet
1131 1070 1274 1098 eorum
1299 1056 1414 1097 calor
1438 1056 1571 1096 humi-

89 1127 168 1168 dus
192 1128 259 1177 sit,
282 1127 466 1168 virorum
486 1140 587 1169 vero
607 1128 756 1169 siccus.
782 1128 946 1177 Quibus
965 1128 1134 1169 omnino
1152 1141 1289 1179 usque
1310 1127 1366 1168 ad
1390 1127 1571 1179 quadra-

86 1199 295 1251 gesimum
340 1199 495 1239 aetatis
529 1212 686 1239 annum
718 1212 876 1252 parvus
909 1212 1012 1239 usus
1053 1198 1367 1239 admittebatur.
1414 1198 1572 1239 Postea

87 1275 230 1310 autem
274 1269 453 1310 liberum
498 1270 633 1310 fuisse
680 1270 808 1310 etiam
853 1269 1131 1320 licentiosum,
1176 1269 1430 1323 praesertim
1479 1282 1571 1310 cum

88 1340 341 1390 senioribus,
377 1341 454 1382 sed
485 1341 545 1382 ita
578 1347 623 1381 ut
645 1346 745 1381 tunc
768 1347 911 1382 mente
933 1341 1171 1391 exhilarati,
1193 1341 1356 1393 reliquo
1380 1346 1570 1394 tempore

88 1424 133 1452 se
168 1412 490 1453 continuissent.
540 1411 749 1460 Quoniam
790 1412 851 1455 (ut
885 1412 1031 1453 scribit
1063 1412 1304 1453 Macrobius
1344 1412 1450 1452 libro
1483 1411 1571 1452 VH.

89 1480 390 1536 Saturnalium)
425 1485 496 1536 qui
527 1482 632 1523 fiunt
666 1483 814 1525 crebro
849 1483 954 1524 ebrii
978 1483 1059 1523 cito
1090 1489 1333 1524 senescunt.
1369 1483 1451 1523 Alii
1473 1489 1571 1523 ante
1596 1491 1686 1521 1311111
1713 1492 1775 1521 cito

87 1560 256 1607 tempus
290 1554 572 1608 competentis
607 1555 762 1595 aetatis
794 1555 864 1594 vel
897 1553 1074 1595 calvicio
1108 1554 1176 1594 vel
1211 1554 1373 1594 canicie
1396 1553 1571 1606 insigni-
1590 1546 1774 1575 senescunt.

88 1631 227 1675 untur,
273 1638 383 1677 quae
428 1638 512 1666 11011
558 1625 640 1665 nisi
683 1624 828 1678 inopia
874 1625 1028 1665 caloris
1069 1626 1282 1666 eveniunt.
1334 1624 1443 1665 Nam
1476 1625 1572 1666 vino

88 1696 226 1737 forma
247 1696 370 1749 perit,
403 1696 501 1737 vino
527 1696 807 1749 corrumpitur
828 1703 964 1747 aetas,
990 1696 1094 1737 dixit
1122 1696 1383 1749 Propertius.
1419 1695 1573 1745 Quam-

88 1767 152 1807 vis
186 1765 488 1808 adulescentes
521 1766 728 1820 perpauci
760 1767 816 1807 ad
850 1773 1117 1808 senectutem
1152 1767 1417 1820 perveniant,
1452 1780 1573 1819 prae-

91 1837 236 1878 sertim
268 1838 339 1889 qui
372 1843 471 1878 ante
505 1842 674 1891 tempus
706 1838 804 1879 vino
838 1838 1081 1892 plusquam
1108 1837 1262 1878 deceat
1283 1844 1464 1878 utantur.
1497 1838 1574 1878 Illa

90 1908 201 1949 enim
240 1915 360 1949 aetas
405 1906 531 1961 (teste
568 1908 772 1949 Cicerone
806 1909 847 1949 111
881 1909 933 1949 de
970 1907 1217 1960 Senectute)
1263 1908 1392 1949 multo
1432 1909 1575 1962 plures

91 1993 216 2032 quam
249 1993 399 2020 senum
431 1979 577 2020 mortis
612 1992 737 2020 casus
768 1979 912 2028 habet,
946 1980 1115 2020 facilius
1141 1980 1184 2020 in
1214 1980 1360 2020 morbo
1384 1979 1575 2020 incidunt

91 2051 407 2102 adulescentes,
442 2051 614 2103 gravius
649 2057 875 2103 aegrotant
897 2058 938 2092 et
960 2051 1120 2092 tristius
1149 2058 1361 2091 curantur.
1398 2050 1578 2104 Semper
1593 2057 1778 2095 1³1-ugaiitz2ffiv

91 2129 234 2162 autem
254 2122 393 2162 bonae
418 2122 676 2163 valetudinis
701 2123 757 2162 ait
781 2122 976 2163 Valerius
1000 2122 1207 2162 Maximus
1226 2122 1332 2162 libro
1357 2122 1424 2172 IL,
1455 2122 1579 2174 (masi
1602 2114 1766 2192 ωξὲῗᾶῗῒ

93 2192 304 2245 quaedam
352 2199 487 2233 mater
535 2199 600 2233 est
646 2193 894 2246 frugalitas,
940 2193 1111 2233 inimica
1155 2193 1382 2233 luxuriosis
1436 2185 1791 2246 01111110γᾶιθῒηᾱῑρῑὸΙ

93 2263 234 2304 aliena
279 2277 304 2304 a
348 2263 478 2304 nimia
523 2264 610 2304 vini
658 2264 934 2305 abundantia.
989 2264 1136 2304 Habes
1180 2265 1223 2304 in
1270 2264 1577 2305 Ecclesiastico

94 2334 207 2387 quod
241 2335 311 2387 qui
356 2335 579 2376 abstinens
614 2342 679 2376 est
712 2335 882 2377 adiiciet
915 2336 1057 2376 vitam.
1106 2335 1160 2375 Et
1194 2348 1320 2387 quam
1360 2335 1578 2376 sufficiens

94 2411 160 2446 est
192 2405 406 2446 hominum
441 2406 619 2447 eruditio
652 2407 796 2447 vinum
820 2406 1049 2459 exigiuum,
1086 2406 1191 2446 etin
1216 2405 1465 2446 dormiendo
1495 2419 1577 2446 11011

92 2476 311 2518 laborabis
344 2476 398 2517 ab
430 2477 502 2517 illo
537 2484 578 2517 et
610 2491 695 2518 11011
729 2478 890 2518 senties
924 2477 1125 2518 dolorem.
1165 2477 1419 2518 Aristoteles
1453 2477 1579 2517 etiam

95 2554 183 2588 tam
216 2547 268 2588 de
302 2561 449 2589 sonmo
484 2554 525 2589 et
558 2549 704 2601 vigilia
743 2562 869 2601 quam
907 2549 949 2588 111
983 2548 1052 2588 lib.
1085 2548 1351 2601 politicorum
1386 2548 1578 2601 scripsit:

95 2619 237 2659 vinum
264 2619 412 2660 bibere
438 2633 522 2660 non
549 2621 776 2661 convenire
801 2620 958 2673 pueris,
982 2619 1059 2660 sed
1081 2619 1239 2660 bonum
1259 2619 1350 2660 sine
1371 2619 1443 2659 illo
1469 2631 1578 2659 esse.

96 2690 159 2730 Ex
181 2703 262 2742 quo
287 2690 633 2743 quandoquidem
658 2696 919 2744 compertum
942 2698 1006 2731 est
1033 2703 1188 2743 pueros
1222 2690 1468 2731 hebetiores
1491 2690 1581 2730 fieri

96 2758 220 2813 (sicut
255 2768 320 2802 est
354 2761 468 2815 apud
502 2763 655 2802 Aulum
682 2761 863 2803 Gellium
898 2762 939 2802 in
962 2761 1171 2802 Noctibus
1194 2762 1345 2802 Atticis
1368 2761 1474 2801 libro
1496 2759 1580 2812 HI.)

98 2839 225 2884 atque
259 2832 356 2873 hinc
378 2833 473 2873 elici
504 2832 769 2883 surditatem,
794 2833 1102 2887 inproceraque
1123 2832 1215 2873 fieri
1236 2845 1412 2885 corpora
1438 2845 1582 2872 eorum

98 2903 322 2955 minusque
369 2903 632 2945 adulescere.
683 2904 835 2945 Omnia
868 2917 969 2945 vero
1003 2904 1211 2944 contrario
1251 2904 1376 2944 modo
1411 2902 1581 2944 evenire
