1955 3278
1533 131 1600 165 285

111 273 238 315 nibus
284 273 550 315 honoratum.
603 272 782 314 Gaudeo
828 272 974 313 mirum
1008 274 1050 314 in
1083 273 1253 315 modum
1299 275 1599 329 prosperitate,

113 344 322 395 Bandine⁷
356 351 441 395 tua,
476 344 585 385 haec
613 343 723 384 enim
759 349 800 384 et
831 343 874 384 in
898 344 1058 385 amicos
1080 344 1348 398 patriamque
1371 345 1596 388 redundat.

114 415 220 457 Vale
254 415 420 456 felicior
448 415 490 455 in
525 414 631 465 dies7
665 414 903 466 iterumque
936 414 1114 456 felicior.

192 611 428 650 Marsilius
459 611 650 648 Ficinus
676 611 888 649 mathiae
921 611 1187 649 Pannom'ae
1219 616 1319 660 regi
1351 624 1531 660 semper

681 678 855 715 invicto
890 677 929 714 S.
957 677 1035 713 D.l

234 781 358 836 Opto⁷
394 782 669 823 serenissime
702 795 789 831 rex7
836 783 1000 824 litteras
1034 783 1341 837 propemodum
1376 784 1601 825 maiestate

113 858 187 894 tua
231 852 385 906 dignas
431 853 487 894 ad
518 860 560 894 te
595 853 711 904 dare,
759 853 836 895 sed
868 861 992 907 urget
1040 853 1267 895 admodum
1313 868 1379 895 me
1415 854 1600 896 scribere

116 923 271 965 cursim
316 930 403 964 tum
448 923 652 965 sacerdos
697 925 791 978 ipse
835 924 1099 974 Vincentius,
1146 926 1417 966 necessarius
1466 940 1599 977 meus,

115 994 529 1036 commendationem
560 1008 673 1036 nunc
706 994 966 1048 efflagitans,
1005 1002 1090 1036 tum
1125 997 1296 1037 nuntius
1331 996 1599 1038 discessurus

113 1064 169 1106 ad
202 1065 362 1106 horam.
397 1065 596 1119 Accipies
630 1079 731 1119 ergo
764 1066 929 1107 litteras
963 1080 1048 1107 non
1073 1067 1222 1119 quales
1257 1067 1365 1108 solet
1398 1068 1535 1109 ocium
1559 1073 1602 1109 et

111 1135 302 1187 libertas7
338 1136 415 1178 sed
448 1137 597 1189 quales
630 1137 870 1178 necessitas
903 1139 1200 1191 properantior
1226 1152 1464 1191 procreare.
1499 1139 1599 1180 Pro-

113 1206 214 1248 inde
248 1207 283 1249 si
315 1207 424 1249 forte
458 1207 606 1249 videor
636 1209 678 1249 in
701 1208 959 1262 postulando
988 1209 1221 1262 procacior,
1257 1209 1382 1250 solita
1407 1223 1510 1263 erga
1532 1223 1598 1251 me

115 1278 341 1319 clementia
373 1284 447 1319 tua
479 1285 640 1319 tantam
674 1279 774 1319 mihi
804 1279 947 1319 tribuit
971 1279 1225 1321 libertatem.
1260 1280 1372 1334 Ergo
1396 1280 1599 1322 liberius²

115 1348 307 1401 obsecro7
341 1355 386 1389 ut
410 1362 533 1402 quem
561 1350 658 1390 olim
693 1356 845 1404 sponte
870 1350 951 1391 mei
984 1351 1122 1403 gratia
1150 1364 1172 1391 e
1197 1364 1368 1392 carcere
1392 1352 1597 1403 liberasti,

115 1433 228 1461 nunc
261 1433 286 1461 a
318 1433 386 1461 me
417 1426 608 1473 rogatus,
648 1420 729 1462 hoc
761 1421 937 1474 insuper
970 1420 1135 1463 afficias
1168 1422 1392 1473 beneficio,
1428 1429 1472 1462 ut
1505 1435 1598 1476 per-

114 1490 246 1532 ditam
289 1489 418 1533 istic3
461 1491 688 1545 pecuniam
733 1504 854 1532 suam
899 1490 956 1545 (si
1001 1491 1091 1532 fieri
1135 1491 1298 1546 potest)
1343 1493 1599 1546 quandoque

115 1562 307 1616 recipiat.
360 1562 452 1615 Ego
485 1575 585 1603 vero
621 1561 734 1615 quod
765 1562 922 1603 totiens
966 1563 1049 1603 iam
1084 1569 1248 1604 tantum
1281 1563 1395 1617 apud
1428 1570 1469 1605 te
1502 1577 1599 1618 pos-

114 1646 220 1685 sum,
266 1633 343 1674 tibi
387 1632 559 1685 quidem
604 1633 765 1686 gratias
805 1646 900 1687 ago,
944 1634 1046 1674 mihi
1079 1647 1179 1675 vero
1225 1634 1405 1688 gaudeo.
1461 1635 1599 1676 Deum

115 1703 301 1756 denique
335 1703 528 1755 obsecro,
562 1710 607 1745 ut
638 1704 821 1746 feliciter
853 1705 928 1745 tibi
962 1718 1132 1759 semper
1165 1712 1206 1746 et
1240 1706 1411 1759 aspiret.

256 1901 489 1938 Marsilius
514 1901 702 1938 Ficinus
727 1901 975 1938 Francisco
1003 1901 1213 1937 Bandino
1243 1902 1281 1938 S.
1309 1901 1354 1937 P.
1382 1901 1457 1938 Du‘

233 2012 349 2053 Nihil
368 2012 527 2054 iamdiu
551 2012 606 2054 ad
628 2019 668 2053 te
694 2012 848 2058 scribo,
882 2013 937 2053 mi
969 2012 1178 2063 Bandine,
1214 2012 1411 2065 quoniam
1435 2013 1601 2053 interea

115 2090 157 2125 et
201 2082 277 2124 tibi
310 2089 351 2124 et
396 2084 591 2125 omnibus
636 2084 768 2124 multa
801 2083 1036 2125 conscribo.
1092 2083 1264 2125 Utinam
1306 2090 1392 2124 tam
1426 2084 1600 2124 multum

114 2154 229 2197 bona
268 2154 364 2206 sint,
399 2168 526 2207 quam
567 2155 712 2196 multa.
762 2154 917 2195 Plotini
960 2155 1090 2195 libros
1124 2168 1271 2196 omnes
1304 2155 1388 2195 iam
1423 2154 1494 2195 diu
1533 2168 1599 2195 me

117 2225 275 2268 fecisse
309 2225 485 2267 Latinos
517 2225 779 2274 intellexisti,
813 2232 941 2277 atque
975 2225 1016 2265 in
1051 2238 1126 2266 eos
1160 2225 1465 2266 commentaria
1500 2226 1600 2267 scri-

114 2296 218 2338 bere
250 2309 348 2338 mox
391 2297 632 2350 incepisse3
678 2297 787 2337 haec
831 2295 886 2337 ad
919 2295 1138 2337 dimidium
1182 2295 1265 2336 iam
1310 2295 1598 2349 perduximus,

116 2372 159 2408 et
190 2367 370 2409 forsitan
415 2368 707 2413 absolvissem,
753 2367 835 2408 nisi
866 2367 977 2408 inter
1009 2366 1382 2408 commentandum
1427 2374 1600 2408 coactus

116 2437 294 2479 fuissem
336 2439 561 2480 traducere
605 2439 781 2493 insuper
812 2438 855 2479 in
888 2438 1085 2479 Latinum
1125 2438 1289 2479 Bellum
1334 2438 1600 2479 Platonicum

117 2508 172 2550 de
217 2509 511 2562 daemonibus,
558 2516 600 2551 et
634 2509 859 2564 Synesium
905 2509 957 2550 de
993 2509 1180 2559 somniis,
1228 2515 1356 2561 atque
1392 2522 1444 2550 ex
1479 2515 1599 2563 parte

117 2579 397 2634 Porphyrium
445 2581 496 2622 de
530 2581 803 2631 abstinentia,
849 2594 899 2622 ac
932 2580 1059 2621 etiam
1094 2579 1282 2621 divinum
1322 2580 1600 2621 Iamblichum

117 2650 170 2692 de
189 2651 496 2706 Aegyptiorum
513 2652 867 2706 Assyriorumque
890 2651 1121 2705 theologia„
1147 2658 1188 2692 et
1212 2651 1396 2704 denique
1420 2651 1597 2693 Priscia-

116 2734 216 2763 num
248 2722 414 2776 Lydum
446 2723 735 2777 Theophrasti
764 2730 948 2765 mentem
983 2722 1035 2763 de
1060 2728 1200 2764 mente
1225 2722 1452 2776 diligenter
1471 2723 1600 2763 inter-

236 2849 246 2869 ¹
273 2851 316 2884 D.
335 2851 508 2895 hianyzik
529 2850 671 2889 F-ben;
698 2861 732 2894 p.
752 2851 830 2885 888.
872 2850 885 2868 2
912 2850 1059 2884 libetius
1088 2850 1134 2883 H.
1175 2849 1187 2869 ³
1214 2850 1322 2884 isthic
1349 2849 1392 2883 F.
1433 2849 1446 2868 4
1465 2860 1499 2893 p.
1519 2850 1598 2883 895.

119 2909 217 2944 Ezen
242 2908 337 2944 level
363 2909 402 2945 es
431 2920 450 2943 a
477 2909 711 2945 ko'vetkezo'k
736 2910 857 2944 F-ben
884 2909 1126 2953 hianyzanak.
