1898 3278
258 125 303 158 24

258 282 344 311 non
376 267 591 320 ignobiles
625 265 766 318 ambo,
812 266 1096 320 philosophus
1131 266 1200 307 hic
1242 265 1549 308 canibarbitius
1589 272 1654 308 est
1700 267 1745 308 111

259 340 408 393 signis,
453 338 582 380 miser
626 352 721 380 cum
766 337 876 378 forte
920 351 1008 379 rem
1056 344 1181 392 parat
1226 350 1392 378 sacram
1425 337 1457 378 it
1495 336 1551 378 ad
1594 337 1742 379 fanum

258 409 467 465 Apollinis
500 410 716 464 placatum
751 414 793 450 et
814 409 1049 463 propicium
1074 408 1156 450 sibi
1179 421 1342 461 suoque
1366 414 1411 448 ut
1439 407 1593 450 reddat
1615 408 1741 450 deum

257 481 357 522 filio.
391 480 455 522 Ibi
486 486 531 521 111
565 479 823 521 conveniunt
854 480 1000 534 plures
1033 480 1249 531 mortales,
1285 479 1355 532 qui
1388 479 1574 533 peractis
1609 480 1743 522 sacris

257 552 381 593 ludos
405 551 550 603 edunt,
584 551 694 592 forte
717 564 824 605 puer
856 551 1051 602 tumultu,
1085 557 1129 591 ut
1150 551 1317 592 illorum
1339 556 1461 592 aetas
1485 551 1746 605 expostulat,

257 622 381 664 ludos
400 628 568 676 spectat
586 622 885 675 quinquennis,
909 621 1083 663 flentem
1101 635 1344 675 vagumque
1360 622 1423 663 vir
1439 621 1612 673 siculus,
1628 620 1743 675 (quia

259 694 440 736 decorus
472 691 625 748 forma)
657 693 921 734 Trinacriam
956 706 1102 734 secum
1136 693 1296 744 avehit,
1342 693 1429 735 illic
1467 693 1566 734 dum
1597 693 1745 748 inopia

257 778 447 819 pressus,
502 764 727 806 Siracusas
781 777 927 806 secum
981 764 1148 815 deffert,
1202 777 1356 805 venum
1406 765 1593 818 exponit,
1643 765 1744 806 emit

259 836 441 878 eundem
487 836 659 889 gentilis
705 849 822 886 suus,
869 836 1016 889 (paulo
1062 842 1162 876 ante
1200 836 1500 886 manumissus,
1547 836 1601 877 ab
1634 836 1745 877 auri-

256 906 401 961 polide
435 907 688 960 Argentario
723 907 815 948 cive
853 904 1147 960 Siracusano),
1194 906 1321 947 huius
1377 907 1563 948 alterius
1602 920 1751 959 nequa

259 980 375 1020 senis
411 984 581 1032 gnatus,
617 978 749 1019 seruit
782 978 868 1019 illic
902 978 1146 1018 servitutem
1190 975 1251 1025 (ut
1275 978 1473 1031 exposcit
1497 976 1666 1033 eadem)
1686 978 1744 1020 mi

259 1063 412 1101 seram,
445 1050 603 1091 malum
636 1049 748 1090 enim
781 1049 1039 1103 mancipium
1074 1054 1344 1103 spectatores
1378 1049 1574 1100 servitus,
1621 1063 1744 1092 casu-

259 1122 358 1174 quia
401 1134 619 1174 nunquam
664 1126 763 1162 ante
809 1127 970 1162 certam
1015 1121 1058 1161 in
1104 1120 1321 1170 servitute,
1366 1127 1518 1162 nactus
1557 1121 1747 1163 abeundi

258 1193 438 1247 copiam,
473 1206 525 1233 ex
547 1191 664 1233 fama
686 1191 881 1232 Athenas
904 1192 1085 1245 patriam
1108 1191 1255 1233 revisit
1278 1205 1413 1243 suam,
1449 1205 1542 1233 cum
1564 1192 1748 1234 Aethico

258 1263 417 1318 pariter
459 1263 709 1317 vagabundi
751 1276 829 1317 per
873 1262 1018 1304 urbem
1068 1262 1288 1314 oberrant,
1334 1263 1525 1317 parasito
1570 1262 1746 1305 tandem

256 1334 398 1376 indice
444 1341 590 1389 patres
624 1334 748 1376 ambo
794 1347 938 1388 pares,
985 1334 1145 1388 pariter
1177 1333 1408 1388 reperiunt,
1447 1340 1545 1388 post
1576 1334 1747 1387 fugitivi

259 1406 417 1447 servuli
463 1412 616 1457 astum,
665 1405 829 1447 urbano
882 1405 1154 1446 urbaniorum
1205 1405 1288 1459 ipsi
1340 1405 1745 1459 contemplabimini,

259 1483 540 1532 spectatores,
574 1490 652 1519 vos
674 1477 756 1528 hic,
780 1490 861 1530 ego
883 1477 1012 1528 intus,
1046 1477 1119 1518 ubi
1148 1477 1251 1517 mihi
1270 1476 1382 1518 bene
1407 1476 1498 1527 erit,
1523 1475 1745 1530 spectabo.

257 1549 378 1601 Vale,
425 1562 519 1590 cum
564 1555 756 1591 revertar
799 1562 964 1590 mecum
1014 1562 1100 1589 una
1144 1548 1351 1599 adferam,
1397 1549 1565 1589 interim
1603 1548 1746 1589 valete

257 1627 414 1662 tamen.

261 1786 487 1829 Clearchus
514 1801 653 1840 senex,
689 1787 721 1828 A
732 1787 862 1830 etiem
884 1786 1001 1838 silius
1034 1784 1342 1839 qumquenmsa
1379 1785 1563 1827 Bractea
1585 1799 1744 1828 servms.

374 1907 461 1948 Vos
505 1907 618 1948 intus
662 1907 831 1948 interim
876 1921 964 1948 rem
997 1906 1250 1947 familiarem
1291 1911 1437 1947 curate
1467 1904 1615 1959 probe,
1661 1917 1744 1958 ego

256 1976 361 2019 deos
394 1977 496 2018 mihi
540 1978 756 2032 propicios
800 1978 994 2029 reddam,
1041 1977 1195 2030 quibus
1240 1983 1362 2018 tanta
1401 1976 1554 2017 saltem
1590 1970 1744 2016 'aetate

255 2048 486 2102 gratificari
518 2049 661 2099 liceat,
699 2049 798 2090 dum
820 2049 932 2090 enim
954 2049 1217 2090 iuventutem
1246 2048 1426 2101 agimus,
1460 2047 1542 2088 nisi
1562 2046 1744 2087 miseriis

255 2120 414 2171 moniti,
460 2126 664 2172 tanquam
699 2120 734 2161 si
767 2134 792 2161 a
825 2120 948 2161 nobis
983 2120 1112 2161 vitam
1157 2119 1438 2171 fortunasque
1472 2118 1743 2168 haberemus,

255 2205 403 2245 parum
435 2191 559 2233 nobis
605 2205 698 2233 011111
733 2191 798 2232 dis
832 2191 956 2233 1001113
991 2190 1298 2232 communionis
1331 2202 1599 2243 usurpamus.
1649 2189 1742 2242 Ego

256 2262 337 2303 etsi
382 2262 557 2304 easdem
601 2262 776 2304 iecerim
821 2269 1011 2303 tesseras
1054 2261 1235 2312 iuvenis,
1280 2261 1411 2302 liceat
1444 2261 1597 2302 saltem
1629 2273 1743 2301 nunc

255 2334 348 2375 seni
370 2334 483 2375 bene
507 2333 631 2374 bonis
654 2333 815 2384 facere,
850 2346 1032 2385 sequere
1064 2332 1146 2373 hac
1169 2346 1249 2384 me,
1283 2339 1414 2385 gnate
1437 2331 1506 2383 mi,
1539 2337 1585 2371 ut
1606 2331 1743 2385 primo

253 2405 327 2446 illa
359 2410 503 2446 aetate
547 2405 705 2446 bonum
753 2417 975 2455 asuescas,
1016 2403 1129 2456 quod
1162 2409 1208 2444 ut
1240 2403 1427 2444 retineas
1461 2402 1586 2443 etiam
1621 2402 1744 2443 labor

255 2482 333 2527 est,
378 2489 486 2530 pura
530 2482 575 2516 ut
608 2476 691 2517 sint
736 2489 787 2516 ac
826 2476 944 2516 lauta
988 2488 1094 2516 vasa
1134 2481 1294 2515 curato.
1342 2474 1490 2515 Aetice
1528 2474 1585 2514 mi
1617 2479 1742 2514 tenes

254 2546 459 2600 singula?
483 2546 705 2588 Calicem?
739 2544 1002 2600 Limpham‘?
1034 2544 1233 2586 Merum?
1267 2546 1298 2586 F
1304 2558 1435 2598 arque
1451 2543 1472 2584 ἱ)
1506 2543 1651 2585 AETI.
1675 2544 1740 2584 En

254 2617 411 2659 adsunt
456 2617 611 2668 omnia,
656 2623 701 2658 ut
735 2617 964 2667 cumlubet,
1011 2616 1065 2656 sit
1112 2615 1300 2657 abeundi
1349 2616 1485 2669 copia.
1541 2614 1738 2656 CLEAR.

252 2688 392 2730 Probe
417 2702 494 2730 vos
517 2696 563 2729 ut
587 2688 756 2729 aiebam
792 2693 938 2728 curate
961 2699 1049 2727 rem
1074 2686 1238 2738 sedulo,
1272 2701 1325 2728 ne
1350 2686 1462 2739 quod
1495 2685 1610 2740 apud
1634 2685 1740 2727 deos

253 2760 363 2801 bene
397 2760 530 2800 merui
562 2758 742 2812 gratiae,
774 2758 818 2799 id
852 2771 946 2798 cnm
980 2756 1162 2808 rediero,
1210 2757 1450 2799 maledictis
1496 2755 1738 2810 explodam.

253 2830 528 2872 BRACTEA.
565 2829 803 2871 Curabitur.
