1955 3278
244 321 481 357 Marsilius
508 320 700 356 Ficinus
725 320 976 357 Francisco
1005 321 1217 357 Bandino
1246 322 1283 358 S.
1311 321 1356 357 P.
1386 321 1463 357 D.l

227 431 391 485 Rogavi
405 437 446 472 te
465 431 585 481 alias,
602 431 838 483 iterumque
853 443 1016 484 precor,
1033 438 1077 471 ut
1095 445 1269 473 causam
1283 432 1367 472 iam
1382 437 1594 473 vetustam

108 501 319 542 vincentii
343 501 580 543 sacerdotis
606 500 840 542 necessarii
858 501 992 542 nostri
1014 515 1170 555 magno
1194 502 1285 555 regi
1305 502 1593 544 commendes,

109 572 219 613 Tota
256 570 412 613 istinc2
458 572 618 626 pendet
651 572 738 613 vita
771 571 935 612 miselli.
981 572 1070 613 Erit
1103 572 1296 625 profecto
1337 573 1593 614 clementiae

105 642 252 696 regiae
280 656 403 696 opem
437 642 549 683 ferre
577 642 792 683 sacerdoti
821 655 958 695 egeno
991 642 1128 683 iusta3
1159 644 1334 696 petenti.
1369 643 1487 684 Vale.
1507 642 1522 664 4

317 839 552 875 Marsilius
577 838 769 875 Ficinus
796 838 1044 875 Francisco
1072 839 1283 875 Bandino
1312 839 1349 875 S.
1369 842 1380 859 ⁵

225 948 366 999 Salve,
402 948 682 990 dilectissime
717 949 773 990 mi
806 949 1014 991 Bandine.
1051 949 1200 991 Scribo
1224 950 1305 990 iani
1330 950 1453 991 tertio
1476 950 1530 991 ad
1552 957 1593 990 te

105 1033 181 1074 pro
203 1033 335 1061 causa
358 1020 594 1061 necessarii
616 1021 750 1061 nostri
774 1021 986 1062 Vincentii
1010 1020 1262 1062 sacerdotis.
1296 1021 1419 1063 Hunc
1443 1035 1594 1075 precor

106 1091 142 1132 si
173 1090 299 1132 modo
332 1091 375 1132 id
407 1092 569 1141 valeas7
617 1097 853 1145 opportune
899 1092 1057 1133 invicto
1103 1092 1211 1144 Regi
1255 1092 1441 1134 Mathiae
1483 1107 1593 1135 com-

106 1162 285 1203 mendes
331 1168 460 1214 atque
505 1162 548 1203 id
581 1162 757 1216 insuper
801 1163 970 1203 nomine
1008 1176 1117 1207 meo,
1165 1163 1376 1215 siquidem
1424 1165 1595 1217 putes,6

106 1232 452 1287 philosophicum
497 1246 652 1274 nomen
686 1233 801 1287 apud
845 1233 987 1286 Reges
1022 1233 1202 1274 alicuius
1237 1246 1333 1275 esse
1367 1236 1593 1285 momenti3

109 1304 219 1345 solet
252 1304 362 1344 enim
397 1317 449 1344 ea
482 1317 578 1345 esse
612 1303 968 1358 philosophicae⁷
1003 1304 1129 1345 sortis
1157 1304 1388 1355 humilitas,
1415 1312 1459 1346 ut
1481 1307 1595 1361 apud

107 1374 302 1415 minimos
336 1374 509 1427 quidem
541 1375 680 1429 possit
725 1375 898 1428 aliquid,
945 1375 1059 1429 apud
1093 1376 1300 1416 maximos
1340 1390 1440 1418 vero
1478 1378 1595 1418 1111111-

104 1459 230 1487 mum.
285 1447 423 1498 Atque
471 1445 552 1487 hac
592 1446 674 1500 ipsi
720 1452 832 1487 sorte
872 1447 1061 1488 contenti
1100 1460 1258 1493 sumus,
1304 1447 1428 1489 modo
1461 1448 1595 1501 philo-

106 1516 231 1570 sophi
277 1517 422 1568 simus,
468 1516 511 1558 id
545 1522 622 1568 est,
670 1523 713 1557 ut
746 1530 881 1570 penes
914 1531 991 1558 nos
1031 1518 1150 1571 ipsos
1188 1518 1339 1559 saltem
1372 1519 1595 1572 plurimum

104 1588 340 1629 valeamus.
375 1587 525 1641 Neque
550 1588 736 1629 diffiteor
757 1594 900 1630 tamen
924 1603 989 1630 1118
1014 1589 1128 1644 apud
1155 1589 1359 1630 Mathiam
1380 1589 1592 1631 interdum

105 1658 266 1711 aliquid
297 1657 529 1713 potuissef'
562 1673 701 1712 neque
737 1659 884 1701 diffido
917 1661 1068 1701 iterum
1103 1660 1341 1710 valiturum,
1383 1661 1591 1713 siquidem

102 1743 187 1770 non
220 1731 415 1784 potentia
448 1731 597 1778 solum,
632 1744 777 1772 verum
812 1732 937 1773 etiam
973 1731 1186 1785 sapientia
1220 1732 1363 1773 claret.
1404 1732 1519 1773 Vale.

140 1939 377 1976 Marsilius
404 1939 595 1976 Ficinus
621 1939 820 1976 Nicolao
852 1939 1052 1975 Batoreo
1080 1938 1308 1986 Episcopo
1337 1940 1557 1977 Vaciensi

737 2004 776 2040 S.
808 2004 853 2039 P.
881 2004 961 2039 ΠΟ

224 2110 384 2152 Scribis
408 2110 612 2152 Mathiam
634 2110 838 2151 invictum
860 2108 1110 2150 Pannoniae
1134 2122 1279 2162 regem
1304 2110 1591 2162 praesentiam

103 2188 292 2223 nostram
326 2181 589 2229 desiderare,
625 2181 739 2234 quod
770 2188 811 2222 81
834 2186 878 2221 111
902 2180 1027 2222 valde
1059 2179 1284 2221 desideres
1308 2180 1466 2233 aliique
1489 2194 1591 2221 non-

105 2253 208 2294 nulli
239 2253 490 2295 Platonicae
524 2253 678 2294 mentis
713 2251 996 2306 explicandae
1030 2251 1180 2304 gratia.
1216 2251 1361 2304 Rogas
1396 2251 1431 2291 si
1454 2251 1592 2292 minus

103 2323 196 2377 ipse
229 2324 373 2366 venire
407 2325 587 2375 valeam,
622 2330 666 2364 ut
700 2323 886 2375 aliquem
920 2323 1072 2363 saltem
1107 2322 1269 2362 mittam
1303 2320 1358 2362 ad
1392 2335 1468 2363 vos
1508 2336 1592 2363 me-

103 2409 233 2446 orum,
268 2395 339 2448 qui
370 2400 512 2437 vestro
547 2395 629 2436 hac
661 2395 703 2435 in
736 2408 782 2435 18
817 2393 921 2434 satis
956 2392 1169 2434 desiderio
1192 2392 1337 2433 faciat.
1372 2392 1465 2446 Ego
1488 2406 1588 2434 vero

101 2466 259 2508 curabo
292 2479 368 2520 pro
401 2465 574 2517 viribus,
605 2472 649 2506 111
683 2464 738 2506 ad
771 2478 846 2506 vos
872 2462 1151 2505 Sebastianus
1183 2468 1324 2504 noster
1362 2461 1586 2504 Amitinum

102 2536 294 2588 accedat,
328 2543 401 2578 aut
434 2537 470 2578 si
503 2550 579 2591 per
611 2535 917 2590 occupationes
953 2547 1054 2576 suas
1086 2535 1179 2588 ipse
1213 2547 1297 2575 non
1325 2535 1475 2587 possit,
1508 2535 1589 2575 iter

101 2607 156 2649 ad
188 2620 264 2649 vos
296 2621 486 2649 meorum
516 2608 625 2649 alius
659 2613 774 2661 agat.
822 2620 887 2647 me
921 2618 1022 2647 vero
1056 2605 1218 2659 patrias
1259 2612 1422 2646 mutare
1458 2606 1586 2647 sedes

220 2769 230 2789 ¹
257 2782 291 2814 p.
312 2770 391 2804 880.
408 2770 503 2804 -Ρ,
520 2770 560 2803 D.
582 2770 754 2814 hianyzik
774 2770 904 2804 F-l)en.
945 2770 956 2787 ²
985 2769 1115 2803 isthinc
1136 2768 1178 2802 F.
1219 2768 1231 2787 ³
1258 2769 1354 2803 insta
1372 2769 1419 2802 H.
1458 2769 1471 2788 4
1501 2768 1589 2802 Vale

101 2829 273 2874 hianyzik
303 2829 439 2864 H-ban.
481 2830 493 2849 ⁵
519 2840 551 2872 p.
581 2830 659 2863 881.
702 2829 714 2848 ‘⁵
741 2833 847 2872 potes
870 2829 915 2861 H.
958 2827 970 2847 ⁷
997 2828 1229 2871 philosophie
1256 2827 1297 2861 F.
1341 2830 1352 2847 ἕ
1378 2828 1518 2871 potisse
1540 2828 1588 2861 H.

102 2889 115 2908 ⁹
141 2899 175 2932 p.
203 2890 292 2923 884..
319 2889 495 2923 Nicholao
522 2889 564 2923 F.
594 2908 637 2912 —
664 2889 702 2922 P.
730 2889 771 2922 D.
800 2888 970 2931 hianyxik
998 2887 1126 2922 F-ben.
