1955 3278
81 613 124 648 10

80 968 122 1001 15

79 1322 123 1357 20

78 2033 122 2068 30

78 2388 122 2422 35

77 2743 123 2776 40

200 250 376 291 Finibus
410 256 538 302 atque
572 249 654 290 tuis
687 256 890 302 properat
922 249 1177 291 fuirbundus
1211 257 1374 305 aperte,

258 321 315 362 Ut
345 320 485 375 rapiat
515 319 681 361 resides
714 319 973 361 ambiciosus
1007 334 1124 374 opes.

202 392 252 433 Ut
284 397 425 433 vastet
457 392 580 433 villas
613 396 735 432 torva
766 390 937 431 feritate
972 392 1196 445 superbus,

257 463 438 516 Templa
470 461 538 503 dei
571 462 743 515 pariter,
778 468 931 511 castra,
967 463 1140 512 sacella,
1175 463 1337 515 domos,

198 533 394 585 Denique
426 539 469 573 te
502 532 674 586 propria
706 531 865 572 tumide
899 532 1083 573 statione
1117 535 1313 587 repellat,

255 604 339 645 Aut
370 604 533 657 iugulet
564 602 707 656 gladio
741 616 920 657 corpora
951 603 1075 656 pigra
1107 605 1226 646 truci.

197 674 468 716 Pannonicos
500 673 674 714 tandem
707 674 811 714 ritus
844 674 1112 727 patriamque
1146 675 1360 727 loquelam

254 745 487 798 Extinguat
518 744 698 786 flemmis
732 744 919 798 perfidus
952 745 1022 786 ille
1055 746 1191 798 vagis,

197 816 316 858 Fecit
347 823 392 857 ut
424 816 634 857 Armeniis
668 816 880 869 quondam
913 817 1175 857 truculenter
1206 818 1401 869 alumnis,

256 887 474 928 Chaoniae
507 887 690 941 populis,
724 887 1046 939 Aemathiisque
1080 888 1200 930 locis.

197 958 382 999 Urbibus
415 958 617 1011 egregiis,
652 959 858 1009 castellis,
893 965 1022 1010 atque
1057 959 1246 1000 subactis

256 1028 479 1078 Gentibus,
515 1035 556 1070 et
586 1029 731 1082 regnis
764 1035 912 1080 marte,
946 1029 1101 1079 furore,
1136 1043 1256 1077 nece,

197 1100 453 1141 Praesertim
489 1099 678 1149 Graecis,
713 1113 848 1153 nuper
881 1113 987 1152 quos
1019 1100 1090 1141 ille
1124 1100 1329 1154 profanus

256 1170 481 1225 Oppressit
514 1171 642 1212 celeri
673 1171 756 1212 iam
790 1171 1092 1225 cataphractus
1126 1185 1247 1224 equo.

198 1241 382 1283 Sedibus
415 1242 514 1283 hinc
546 1241 653 1283 alios
685 1242 850 1296 pepulit
880 1255 1066 1283 vesanus
1100 1243 1238 1294 avitis,

254 1313 441 1354 Abstulit
474 1320 516 1354 et
548 1326 727 1366 magnas
759 1313 913 1367 impius
946 1313 1082 1355 hostis
1115 1326 1234 1368 opeS,

197 1384 394 1438 Turpiter
426 1390 469 1424 at
501 1391 640 1425 certos
673 1384 785 1425 ferro
818 1384 1020 1425 mactavit
1053 1391 1192 1425 acuto.

254 1455 491 1496 Nonnullos
524 1455 618 1496 aliis
652 1455 790 1496 obruit
822 1468 957 1507 usque
991 1455 1129 1496 modis

196 1525 443 1567 Perdomuit
474 1526 654 1577 resides,
688 1532 815 1579 atque
848 1526 889 1566 in
923 1539 1001 1566 sua
1031 1526 1124 1566 iura
1155 1526 1336 1580 redegit,

256 1597 373 1647 Quos
405 1597 578 1638 nimium
611 1597 798 1650 graviter
830 1611 942 1638 nunc
976 1597 1067 1638 sine
1099 1596 1184 1638 fine
1217 1597 1406 1652 premit.1

196 1668 303 1709 Tum
325 1674 552 1722 postquam
585 1669 782 1709 Danaum
807 1667 896 1709 dire
919 1666 963 1723 (l)
996 1667 1220 1709 Maometis
1244 1669 1442 1710 alumnus

254 1739 463 1780 Funditus
497 1740 660 1790 evertit,
695 1739 876 1791 moenia,
919 1739 1023 1789 iura,
1059 1738 1204 1791 decus,

195 1811 293 1852 Mox
325 1810 493 1852 fuerant
526 1810 667 1852 miseri
698 1811 951 1864 peregrinas
985 1824 1165 1865 pergere
1200 1817 1334 1852 terras

256 1882 487 1936 Compulsi,
521 1888 649 1934 atque
683 1882 807 1923 simul
838 1881 975 1922 tristia
1006 1881 1098 1922 fata
1131 1882 1264 1934 sequi.

194 1953 322 2006 Fugit
353 1952 408 1994 ad
440 1953 687 2007 Hesperias,
722 1967 821 2006 pars
855 1953 990 1993 altera
1022 1953 1138 1994 venit
1171 1951 1337 2003 Oatem,

254 2024 361 2065 Pars
394 2024 518 2065 latuit
551 2023 712 2065 Geticis
746 2023 1077 2077 sanguinolenta
1110 2023 1262 2078 plagis,

197 2094 379 2136 Caetera
409 2108 510 2149 pars
542 2095 684 2137 varias
717 2095 849 2136 tristis
882 2094 1069 2148 perrexit
1102 2094 1157 2136 ad
1190 2107 1300 2146 oras,

253 2166 431 2207 Evitans
465 2178 622 2208 saevae
656 2166 793 2206 tristia
825 2165 983 2207 damna
1014 2165 1146 2207 necis,

197 2236 268 2278 Sic
300 2238 427 2278 etiam
459 2237 630 2278 fuerant
663 2237 802 2290 sparsi
833 2236 1093 2290 Phrygiique
1126 2243 1321 2290 nepotes,

254 2308 365 2348 Dum
398 2308 552 2350 cecidit
585 2308 790 2358 Panthus,
825 2308 1037 2360 Troiaque
1071 2314 1198 2361 capta
1229 2307 1322 2359 fuit,

195 2379 248 2419 Et
280 2379 405 2420 modo
439 2386 537 2420 sunt
568 2379 687 2420 multi
719 2379 855 2420 fracte
882 2376 927 2431 (l)
962 2391 1068 2431 quos
1100 2378 1234 2419 Marte
1269 2377 1444 2419 sinistro

253 2450 452 2503 Expulsit
483 2464 508 2491 a
539 2450 720 2504 propriis
754 2449 913 2491 duriter
944 2449 1016 2490 ille
1050 2449 1171 2491 focis.

194 2520 317 2572 Vilia,
351 2521 423 2574 qui
454 2522 579 2563 vacui
609 2521 794 2563 retinent
827 2520 1075 2562 habitacula
1107 2519 1281 2573 passim,

255 2591 420 2645 Quique
453 2597 594 2633 terunt
624 2592 777 2646 inopes
810 2591 938 2633 corde
972 2590 1143 2632 dolente
1177 2591 1282 2632 vias.

197 2662 414 2716 Coguntur
446 2663 550 2704 certi
580 2663 770 2704 latebras
802 2662 998 2703 habitare
1030 2661 1230 2712 ferarum,

255 2733 333 2775 Ast
365 2734 496 2787 aliqui
529 2734 702 2776 strictae
736 2739 851 2775 tecta
884 2732 1026 2775 subire
1061 2745 1200 2774 casae.

144 2930 147 2933 -
199 2885 208 2905 ยน
235 2885 388 2928 praemit
412 2887 455 2918 A.
