1955 3278
347 101 420 136 336

350 327 423 361 370

349 684 423 719 375

351 1041 425 1076 380

353 1399 427 1432 385

353 1755 428 1790 390

355 2112 430 2146 395

357 2468 434 2502 >400

367 2823 435 2857 405

500 246 555 287 Et
586 245 762 287 Iunonis
797 259 914 298 aves,
948 252 1120 300 portant
1153 252 1252 286 ante
1287 258 1362 286 ora
1395 245 1632 286 sedentum.

505 317 793 371 Hyberneque
827 330 956 370 grues
989 317 1176 371 graviori
1209 317 1334 358 lance
1367 316 1573 357 feruntur.

504 388 682 430 Anseris
717 394 817 430 exta
850 395 1013 441 secant,
1046 389 1133 429 illic
1166 401 1303 442 genus
1338 401 1463 428 omne
1495 387 1695 439 ferarum,

505 460 761 510 Conteritur,
796 460 1022 513 Thyrenus
1056 473 1162 514 aper
1193 460 1310 501 velut
1343 459 1453 500 alter
1485 458 1673 501 adesset.

503 531 719 585 Regificas
752 531 942 572 habuere
977 531 1126 585 dapeS,
1162 531 1398 585 epulasque
1433 529 1640 571 decentes

503 602 716 657 Principis
750 603 999 655 electosque
1033 602 1153 644 cibos
1187 608 1231 643 et
1262 602 1427 643 fercula
1460 601 1578 643 mira.

504 674 622 724 Quas
655 687 740 715 non
773 673 962 725 Alcides,
996 687 1077 715 nec
1108 673 1267 714 lautius
1301 672 1520 714 Hannibal
1554 672 1638 714 oris

503 746 683 797 Etholis,
719 758 800 786 nec
831 746 964 799 Elysa
997 744 1108 796 duci,
1142 758 1223 786 nec
1256 745 1450 799 partibus
1483 745 1590 785 ustis

503 817 709 871 Iuppiter,
742 815 971 870 Ethiopum
1005 816 1075 857 vel
1095 823 1192 869 post
1214 816 1309 857 fera
1330 815 1446 857 bella
1479 815 1723 869 Gigantum.

504 889 709 930 Alcinous
743 887 854 928 tales
887 900 1104 940 nunquam
1138 892 1339 940 gustasse
1372 887 1587 940 probaret.

505 959 621 1000 Mille
656 960 785 1000 etiam
818 959 981 1012 speties
1045 958 1195 999 habuit
1227 958 1406 999 conviva
1441 959 1583 1000 sereni

505 1030 717 1084 Principis
751 1036 793 1071 et
825 1029 1013 1084 gelidam
1043 1029 1205 1083 placuit
1239 1042 1490 1071 consumere
1523 1036 1705 1072 noctem.

507 1103 741 1155 Postquam
775 1102 975 1142 laxarunt
1007 1106 1174 1142 mentes
1209 1107 1251 1142 et
1283 1100 1444 1154 gaudia
1476 1101 1638 1155 passim

506 1173 707 1222 Reddita,
742 1172 926 1214 maiores
958 1172 1083 1213 iussit
1117 1172 1336 1226 deponere
1372 1185 1497 1213 curas

507 1246 689 1287 Pectore
722 1244 849 1299 pulsa
881 1244 1033 1295 fames,
1067 1244 1277 1297 hilarique
1309 1244 1534 1286 intendere
1558 1252 1697 1286 cantu.

505 1317 627 1358 Tunc
661 1316 815 1357 Gerius
841 1316 1085 1369 Mariusque
1110 1316 1222 1356 sacri
1245 1315 1328 1357 duo
1349 1316 1523 1357 numina
1545 1315 1710 1357 Phoebi

508 1388 628 1429 Alter
659 1388 948 1441 Parthenope,
983 1387 1092 1428 alius
1126 1386 1179 1428 de
1214 1386 1435 1441 Sanguine
1468 1387 1625 1436 Tusco,

506 1459 713 1501 Versibus
747 1459 1016 1513 applaudunt
1048 1471 1198 1500 mense
1230 1459 1504 1511 mulcentque
1539 1471 1717 1500 serenas

506 1532 657 1583 Aures,
692 1531 885 1573 Euboica
918 1531 1078 1584 gemini
1109 1530 1326 1572 testudine
1361 1530 1489 1573 docti.

508 1603 721 1644 Personat
753 1602 992 1643 Ethruscus
1026 1602 1217 1655 cythara,
1253 1601 1465 1655 Capitolia
1498 1602 1617 1643 celsa

508 1674 544 1716 A
578 1673 713 1715 Gallis
746 1673 929 1715 obsessa
962 1673 1097 1721 malis,
1131 1687 1365 1726 aurumque
1398 1686 1643 1727 repensum,

508 1745 565 1788 Ut
597 1745 714 1787 ferus
747 1745 933 1787 asseruit
965 1745 1148 1799 patriam
1180 1744 1469 1797 miserumque
1503 1751 1699 1786 senatum

508 1817 562 1858 Et
597 1823 782 1858 montem
815 1822 1111 1868 moestamque
1134 1816 1284 1857 urbem
1306 1816 1467 1869 pietate
1502 1815 1717 1857 Camillus.

508 1887 745 1942 Indigenas
777 1887 982 1940 faunique
1017 1887 1144 1938 canit,
1179 1887 1306 1928 docet
1338 1887 1521 1941 hospitis
1555 1887 1648 1940 argi

508 1958 615 2000 Inde
648 1971 812 2010 necem,
847 1971 1102 2011 sacrumque
1135 1971 1286 1998 nemus
1319 1958 1564 2010 violataque
1597 1958 1699 1999 iura.

509 2030 564 2071 Et
597 2043 691 2071 011111
724 2030 844 2071 iussa
877 2029 1009 2071 dabat
1042 2029 1172 2070 durus
1207 2028 1482 2070 Stheneleius
1515 2029 1652 2070 hostis

510 2102 806 2154 Pacatumque
829 2101 976 2143 orbem
998 2101 1169 2142 mostris
1193 2098 1236 2154 (l)
1257 2100 1499 2153 seriemque
1522 2101 1729 2151 laborum,

512 2173 652 2226 Atque
687 2172 901 2215 Cleoneos
936 2172 1089 2214 Gerius
1122 2172 1387 2213 memorabat
1420 2173 1616 2213 amictus.

511 2244 653 2297 thue
687 2257 821 2298 gener
853 2244 1010 2285 totiens
1042 2243 1123 2284 fuit
1155 2256 1241 2284 una
1272 2249 1398 2284 nocte
1432 2244 1628 2295 sonabat,

515 2315 836 2368 Succubuitque
871 2315 1000 2356 etiam
1033 2315 1316 2356 Theutrantia
1349 2315 1475 2356 turba
1509 2314 1711 2363 domanti,

514 2386 803 2438 Quesitasque
836 2386 984 2437 boves,
1020 2394 1061 2427 et
1093 2392 1259 2427 vastum
1296 2386 1480 2427 concinit
1514 2392 1680 2426 antrum

515 2457 831 2509 Semihominis,
866 2457 1072 2499 frendens
1105 2463 1150 2498 ut
1182 2458 1328 2498 limina
1361 2471 1494 2499 saxea
1527 2463 1677 2508 tentat,

515 2528 827 2581 Concussitque
862 2542 1051 2582 specum,
1086 2542 1244 2582 magna
1276 2529 1526 2583 Tirynthius
1559 2542 1634 2569 ara

517 2599 665 2649 Quove
691 2600 809 2641 stetit
836 2600 1013 2641 meritus
1041 2599 1238 2652 flavoque
1268 2607 1470 2654 receptus
1501 2599 1694 2654 Olympo.

517 2671 640 2712 Talia
675 2671 932 2712 carminibus
966 2671 1218 2712 celebrabat
1250 2672 1417 2713 Tuscus
1452 2685 1604 2713 ameno

515 2742 707 2793 Pectine,
742 2756 824 2795 quo
857 2742 1009 2795 Tyrios
1044 2748 1194 2796 posset
1226 2743 1488 2795 coniungere
1522 2755 1677 2784 muros.

516 2813 570 2854 Et
602 2813 862 2855 Methimneo
896 2820 1073 2867 pacaret
1106 2814 1251 2854 cerula
1283 2815 1446 2867 plectro

517 2885 730 2937 Aequora,
766 2885 980 2926 diversum
1003 2885 1193 2926 traheret
1228 2899 1319 2926 cum
1355 2885 1542 2926 Prothea
1575 2884 1732 2925 Phocis
