1955 3278
90 337 161 372 280

89 693 159 727 285

90 1048 159 1082 290

88 1403 159 1437 295

90 1759 160 1793 300

89 2114 159 2148 305

88 2468 160 2502 310

90 2822 161 2857 315

1503 113 1573 149 305

239 255 519 309 Includetque
551 256 666 297 intus
699 267 825 304 sevos
857 256 926 297 hic
959 270 1075 298 arma
1106 257 1272 299 furores

241 326 483 381 Conpescet
516 334 684 368 centum
717 326 840 368 nodis
872 328 987 369 bella
1018 328 1189 370 horrida
1220 328 1366 371 Martis

240 399 407 440 Vinciet
438 399 510 439 1116
543 398 691 440 furens
725 404 766 439 et
798 404 839 439 te
871 398 1052 440 Bellona
1085 399 1279 441 cathenis

240 470 379 511 Arctis
412 470 527 511 mille
562 470 649 511 suis
682 471 782 511 licet
815 483 971 523 aspera
1003 469 1132 518 fratre
1166 470 1341 512 voceris.

240 541 517 582 Vuladislaus
551 554 655 582 avos
689 540 864 593 augebit
896 546 941 581 ut
972 542 1081 582 alter
1112 541 1226 582 Iulus

238 611 432 666 Accipiet
463 625 703 665 nomenque
738 611 819 653 sibi
851 611 1000 653 domus
1033 612 1192 665 inclyta
1222 612 1424 654 Teucros.

238 683 398 724 Postea
430 688 580 736 tanget
612 696 687 724 eos
720 689 886 724 asserte
919 683 1026 723 Iulia
1057 683 1212 736 gentis.

241 753 586 806 Coniunctosque
621 753 726 795 deos
760 754 905 805 faciet,
939 754 1186 807 patriosque
1220 760 1400 808 nepotes

238 825 292 865 Et
323 824 458 866 nostri
491 838 776 879 magnumque
810 824 943 866 decus
977 824 1057 866 sibi
1091 830 1240 878 poscet
1264 824 1441 878 Olympi.

240 896 353 946 Quot
386 896 565 937 delubra
598 896 698 949 iugo
732 902 907 937 cernent
939 896 1142 950 capitolia
1175 909 1296 938 sacro

238 967 505 1021 Templaque
538 967 723 1021 Tarpeio
756 967 1006 1021 gaudebunt
1038 967 1181 1009 vincta
1213 968 1378 1008 tonanti

238 1038 292 1078 Et
325 1044 503 1092 septene
535 1038 664 1079 urbes
697 1038 893 1080 attollent
926 1039 1111 1080 culmina
1141 1038 1267 1079 tectis

238 1108 448 1150 Uberiora
480 1109 581 1159 suis,
615 1108 756 1150 aditus
789 1116 831 1150 et
862 1109 904 1150 in
938 1122 1035 1151 arce
1069 1109 1277 1163 patebunt

240 1179 442 1233 Inpositis
475 1181 573 1230 aris,
610 1192 716 1232 quas
748 1179 886 1221 festus
920 1180 1056 1222 circus
1088 1180 1266 1223 habebit

240 1251 327 1292 Seu
361 1264 537 1304 campus
572 1250 773 1304 Scythice
806 1251 965 1305 pariter
996 1252 1092 1293 loca
1123 1251 1309 1305 compita
1329 1251 1438 1303 dive,

241 1321 329 1364 Sed
362 1323 514 1363 melius
548 1328 725 1376 surgent
756 1323 933 1371 Phebea
965 1323 1127 1377 palatia
1161 1329 1330 1378 sumptu

238 1393 456 1435 Leucadio
489 1406 695 1448 possessa
727 1393 823 1445 deo,
858 1393 1065 1447 divusque
1099 1394 1278 1436 duobus.

240 1463 411 1505 Cesaris
445 1471 544 1506 ante
577 1465 693 1506 fores
727 1465 854 1506 etiam
887 1471 1082 1519 pretexta
1114 1465 1267 1507 virebit

238 1535 292 1576 Et
325 1548 522 1588 quercus,
556 1536 697 1589 vigilis
730 1536 929 1589 Troyana
961 1536 1113 1577 altaria
1145 1542 1264 1577 veste

238 1607 378 1659 Atque
410 1607 601 1661 palatine
634 1607 779 1648 laurus
811 1607 1055 1660 viridesque
1089 1620 1257 1656 corone.

240 1677 409 1732 Quippe
443 1678 548 1719 deos
583 1677 734 1719 domus
767 1684 967 1720 aeternos
1000 1685 1086 1719 tres
1119 1692 1205 1719 una
1230 1678 1392 1720 fovebit

240 1749 435 1790 Nubibus
469 1748 645 1799 assiriis,
680 1755 722 1790 et
754 1748 874 1790 odori
906 1750 1097 1802 gramine
1130 1749 1278 1791 thuris.

240 1819 351 1869 Quin
384 1820 512 1860 etiam
544 1819 726 1874 placidis
760 1820 1037 1861 subcrescent
1070 1821 1178 1861 atria
1211 1820 1351 1862 scenis

238 1891 375 1932 Plena
406 1891 524 1942 iocis,
559 1891 659 1933 olim
693 1891 863 1932 domino
897 1890 1140 1944 gratissima
1173 1892 1308 1934 calvo.

241 1962 559 2015 Cesaribusque
592 1962 690 2014 tuis,
723 1963 856 2003 titulis
891 1969 933 2003 et
964 1963 1134 2004 nomine
1167 1962 1287 2004 divis.

238 2034 455 2086 Festaque
489 2034 698 2088 disposito
732 2033 917 2075 deducet
948 2047 1095 2075 mense
1130 2033 1314 2075 dearum.

240 2104 345 2146 Inde
378 2105 489 2146 feret
520 2105 691 2158 populis
726 2117 804 2145 sua
836 2110 973 2145 rostra
1005 2104 1213 2146 Bohemia
1246 2105 1397 2147 victrix

238 2175 564 2228 Distribuetque
599 2176 705 2217 duas
738 2182 883 2229 partes
917 2181 959 2216 et
991 2175 1133 2229 prisca
1164 2176 1349 2217 remittet

238 2246 382 2287 Munia
415 2247 647 2299 Romuleis,
681 2254 723 2288 et
754 2247 875 2300 leges
910 2260 1009 2288 aere
1042 2247 1197 2288 refixas

241 2316 368 2358 Curia
391 2317 509 2359 facta
531 2317 735 2370 frequens
757 2318 962 2371 gradibus
984 2331 1129 2359 56011111
1153 2319 1296 2372 ampla
1312 2318 1487 2362 videbit.

239 2388 344 2429 Post
376 2388 443 2429 bis
478 2388 664 2441 quinque
688 2388 807 2430 dabit
831 2395 1001 2429 servent
1034 2388 1105 2441 qui
1128 2402 1251 2430 sacra
1274 2389 1435 2443 Sybille

239 2458 429 2507 Euboice
461 2466 667 2514 precepta
698 2459 812 2501 viros
845 2460 1068 2512 prenuntia
1101 2473 1251 2501 rerum.

239 2530 315 2572 His
350 2531 458 2572 actis
491 2537 633 2572 tecum
667 2531 856 2585 excipies
888 2531 1048 2571 inmota
1081 2537 1278 2585 nepotem

239 2601 293 2641 Et
315 2607 482 2655 patrem
504 2601 766 2655 fratremque
791 2616 912 2643 suum
935 2608 1196 2655 matremque
1217 2610 1441 2644 venustam

240 2672 294 2713 Et
326 2678 452 2713 natos
485 2672 582 2723 11115,
617 2674 778 2726 gremio
813 2686 940 2727 super
974 2673 1114 2713 omnia
1147 2686 1245 2715 caro

241 2743 513 2784 Conscendet
548 2743 733 2795 soboles,
769 2750 810 2785 61
843 2744 914 2796 qui
945 2750 1176 2785 nascentur
1208 2744 1261 2785 ab
1294 2746 1367 2786 illa

239 2813 355 2854 Inter
387 2827 491 2855 avos
519 2819 772 2867 attavosque
793 2812 837 2868 (l)
871 2820 980 2865 tuos,
1015 2814 1229 2868 Cytherea
1260 2816 1435 2858 locabis.

241 2884 345 2926 Cum
379 2885 559 2938 primum
595 2885 796 2940 princeps
829 2885 973 2939 Pylios
1005 2885 1236 2939 digesserit
1268 2899 1402 2928 annos

163 2975 197 3002 E.
219 2968 313 3002 Anu:
336 2976 497 3003 Amnem
516 2984 604 3002 ΝονΑ.
1392 2968 1436 3002 20
