1955 3278
99 525 167 559 370

100 879 166 913 375

98 1234 168 1269 380

99 1590 167 1624 385

98 1946 166 1980 390

97 2301 165 2335 395

97 2638 167 2691 4ὃο

1519 156 1587 189 243

219 301 300 352 Qui
334 301 600 356 Stephanum
632 313 779 354 regem
810 299 933 340 tinxit
966 300 1244 353 Baptismatis
1277 299 1405 352 unda,

276 372 421 414 Abluit
453 386 479 412 a
511 371 665 413 vetulis
698 370 885 424 unguine
920 371 1177 412 criminibus.

217 444 405 485 Venerat
438 442 508 484 hic
538 443 705 483 noviter
736 442 872 483 versis
906 448 1126 494 praestare
1158 443 1370 483 juvamen.

276 514 588 555 Demonstrans
619 512 756 554 Hunis
789 512 993 565 dogmata
1026 520 1177 553 sancta
1210 514 1344 565 sequi.

218 584 463 638 Spargebat
496 584 705 637 siquidem
738 583 838 624 fidei
871 583 1127 624 documenta
1159 597 1236 637 per
1274 598 1371 626 oras

279 655 552 697 Pannonicas
577 668 736 696 sacrae
769 653 1004 708 relligionis
1036 654 1129 695 iter.

217 727 410 769 Perrexit
440 726 614 767 tandem
648 726 824 767 calicem
857 732 1033 779 poturus
1067 739 1270 769 amarum.

276 798 458 839 Nomine
490 810 565 850 pro
601 796 757 838 Christi
789 796 965 838 Prussia
996 810 1130 850 regna
1162 796 1313 838 libens.

217 869 378 910 Floruit
410 868 602 909 Antistes
637 868 765 909 etiam
800 866 1077 908 Chenadinus
1111 867 1166 909 ad
1199 882 1397 921 unguem,

275 940 450 993 Integer
482 945 523 980 et
555 952 686 992 purus
718 938 955 992 relligionis
988 939 1138 980 honos.

218 1010 434 1052 Gerardus
468 1009 703 1051 monachus
736 1010 914 1051 veniens
947 1010 1200 1063 peregrinus
1234 1011 1288 1052 ab
1322 1011 1406 1051 oris

277 1081 516 1132 Hadriacis,
550 1087 721 1122 nostras
754 1081 900 1135 panda
923 1079 968 1134 (1)
1003 1081 1148 1122 carina
1172 1080 1352 1135 plaffljsst

219 1152 353 1203 Quem
388 1158 562 1193 sanctus
597 1151 843 1205 Stephanus
876 1165 1033 1205 magno
1067 1152 1257 1205 suscepit
1289 1150 1487 1204 ὴοῐιοῖθ,2

278 1224 398 1264 Fecit
431 1230 473 1264 et
504 1224 547 1264 in
580 1223 732 1264 laudes
765 1229 826 1264 tot
859 1223 973 1264 bona
1005 1224 1138 1265 verba
1170 1236 1282 1264 suas.

216 1295 323 1336 Nam
356 1294 496 1336 fuerat
530 1294 704 1348 sapiens
737 1294 879 1336 verbis
914 1294 1147 1347 doctorque
1179 1294 1332 1347 fidelis,

277 1366 454 1419 Ingenio
488 1372 730 1419 praestans,
766 1366 1019 1407 auctoritate
1053 1372 1220 1419 potens.

216 1437 295 1479 Hic
327 1450 495 1490 quoque
528 1444 763 1491 perpetuae
797 1436 929 1478 dabat
961 1437 1232 1478 hortamenta
1265 1437 1429 1489 salutis,

276 1508 513 1550 Fundendo
547 1508 672 1549 labiis
705 1507 848 1549 dulcia
879 1508 1012 1549 verba
1045 1508 1145 1549 suis.

218 1580 353 1630 Quem
384 1593 459 1621 rex
493 1592 668 1621 securus
701 1579 874 1620 tandem
908 1579 1188 1621 decoraverat
1220 1581 1360 1634 ample

278 1651 512 1692 Stemmate
544 1649 748 1704 pontifico
782 1663 857 1704 pro
892 1650 1082 1691 bonitate
1117 1664 1208 1692 sua.

217 1721 298 1771 Qui
331 1722 518 1775 graviter
550 1727 647 1775 post
680 1721 761 1762 hoc
792 1721 935 1762 fuerat
968 1721 1020 1763 de
1054 1728 1196 1763 monte
1229 1721 1421 1762 Budensi

274 1793 455 1835 Nomine
488 1806 563 1847 pro
598 1792 754 1834 Christi
787 1793 1095 1846 praecipitatus
1129 1793 1256 1834 humi.

216 1864 377 1905 Floruit
408 1864 577 1906 invictis
610 1871 654 1905 ut
687 1865 840 1906 Martia
871 1863 1035 1905 Roma3
1071 1864 1272 1915 Camillis,

277 1935 348 1977 Sic
380 1936 530 1977 tumuit
563 1936 688 1978 claris
722 1937 927 1990 Hungara
960 1944 1073 1976 terra
1105 1935 1220 1987 viris,

217 2007 298 2057 Qui
330 2013 521 2049 veterum
554 2016 719 2061 patrum
753 2007 924 2048 fuerant
958 2007 1154 2060 exempla
1186 2007 1369 2059 sequuti,

276 2078 446 2120 Viribus
479 2084 523 2119 ut
555 2078 723 2128 validis,
760 2079 822 2119 sic
854 2079 1065 2131 gravitate
1097 2078 1224 2119 bona.

215 2149 397 2203 Magnus
430 2150 614 2191 Ioannes
647 2150 749 2191 vixit
783 2149 853 2202 qui
887 2149 1093 2191 caedibus
1127 2150 1239 2200 olim,

275 2221 538 2262 Thurcarum
572 2221 754 2275 populos
787 2222 942 2263 acriter
975 2220 1188 2262 obruerat.

216 2291 469 2345 Magnificus
505 2292 752 2346 Stephanus
784 2292 925 2333 fuerat
960 2292 1200 2333 Bathoreus
1233 2291 1438 2343 Achilles,

275 2362 491 2405 Defensor
522 2364 702 2417 patriae,
736 2370 884 2417 portus
919 2370 960 2404 et
993 2376 1098 2403 aura
1131 2376 1249 2404 suae.

218 2434 403 2488 Corpore
438 2442 582 2476 castus
616 2442 719 2486 erat,
753 2435 875 2476 fortis
910 2434 970 2475 sic
1002 2442 1145 2475 mente
1178 2434 1373 2487 pudicus,

276 2504 357 2554 Qui
389 2505 533 2546 tribuit
566 2505 737 2546 famulis
769 2506 961 2559 praemia
993 2505 1126 2558 digna
1158 2504 1259 2545 suis.

216 2576 548 2617 Transsilvanus
582 2582 672 2617 erat
704 2577 842 2618 iustus
875 2576 989 2630 prior
1019 2576 1113 2629 ipse
1149 2575 1394 2626 Monarcha,

276 2647 450 2688 Virtutis
484 2654 642 2700 custos,
676 2648 791 2702 regis
825 2653 866 2688 et
900 2648 989 2688 alta
1022 2647 1155 2699 quies.

216 2718 385 2759 Viribus
419 2726 463 2759 ut
496 2719 644 2760 solidis
677 2719 850 2770 Paulus,
885 2719 946 2759 sic
979 2731 1155 2772 corpore
1189 2718 1324 2769 fortis,

276 2788 357 2838 Qui
390 2803 570 2842 magnus
602 2789 782 2831 Thurcis
815 2796 949 2830 terror
982 2796 1025 2830 et
1057 2789 1204 2830 horror
1236 2795 1339 2830 erat.

221 2940 230 2959 ¹
257 2941 387 2984 plagas
412 2940 587 2984 kijavitva
607 2941 780 2985 Apponyi
804 2940 1070 2984 peldanyaban.
1106 2941 1117 2958 ²
1144 2940 1258 2974 honor
1277 2941 1318 2974 Α.
1378 2940 1518 2974 Rhoma
1535 2943 1581 2974 A.

1376 3011 1439 3043 16*
