1898 3278
291 140 357 174 100

338 281 367 317 J
370 292 548 319 oannes
577 283 762 318 Camers
795 279 981 317 Ordinis
1008 280 1236 316 Minorum
1263 290 1422 317 sacrae
1451 280 1732 328 Theologiae

288 347 337 383 D.
376 347 608 394 Stephano
640 345 898 383 Verbeucio
937 345 1190 389 Pannonio,
1230 345 1460 383 virtutum
1500 357 1553 382 ao
1582 346 1779 383 virtutes

584 411 836 448 colentium
862 411 1036 458 insigni
1064 411 1234 448 cultori
1264 412 1302 448 S.
1331 412 1381 447 D.
1408 413 1479 448 P.¹

409 546 416 553 .
448 546 455 552 .
489 545 496 552 .
532 511 619 552 Sed
650 524 776 564 quom
821 512 951 559 (teste
985 510 1182 564 Platone)
1230 525 1314 552 non
1348 511 1471 553 nobis
1518 512 1653 553 solum
1691 512 1780 552 nati

288 582 432 633 simus7
482 582 651 636 vigilias
698 582 830 623 hasce
878 587 1048 623 nostras
1095 582 1365 635 spernendas
1404 582 1601 624 fortassis
1637 583 1779 624 multis

288 653 366 694 sub
400 660 471 695 tuo
515 655 685 695 nomine
719 653 814 694 aliis
860 653 1174 694 communicare
1208 654 1469 695 statuimus.
1496 687 1504 696 .
1533 688 1539 695 .
1586 653 1780 695 Viennae

286 724 551 775 Pannoniae,
597 726 720 766 Anno
754 738 779 765 a
812 723 969 765 Christi
1014 724 1158 764 natali.
1203 724 1477 767 M.D.XIIII.
1526 724 1658 767 Sexto
1703 724 1780 765 Ca-

287 796 441 837 lendas
475 796 670 849 Augusti.

285 946 483 982 Joannis
523 945 760 988 Camenis,
801 945 985 982 Ordinis
1021 946 1262 989 Minorum,
1304 957 1463 983 sacrae
1497 946 1777 993 Theologiae

285 1012 570 1059 professoris,
621 1012 680 1047 ad.
723 1012 963 1059 egregium
1004 1011 1159 1047 virum
1196 1011 1442 1048 Dominum
1481 1011 1781 1059 Stephanum,

568 1078 892 1114 Maecenatem
919 1077 1120 1114 alterum
1144 1077 1478 1114 Hexastichon.
1495 1078 1507 1097 ²

435 1176 576 1217 Virtus
611 1189 768 1229 magna
801 1176 879 1216 fuit
912 1189 1063 1217 versus
1096 1176 1324 1231 scripsisse
1360 1176 1558 1226 disertos,

496 1249 639 1301 Turpe
675 1247 752 1288 sed
784 1248 865 1288 hos
898 1248 1026 1300 longo
1061 1247 1284 1288 delituisse
1322 1248 1416 1288 situ.

435 1319 489 1359 At
522 1326 596 1360 tua
629 1332 731 1360 eura
764 1318 836 1359 diu
870 1332 948 1360 nos
983 1324 1047 1359 est
1080 1318 1123 1359 id
1156 1332 1290 1372 passa
1322 1319 1571 1370 nefandum⁷

496 1391 561 1431 En
592 1391 790 1444 relegunt
822 1396 945 1431 vates
979 1390 1183 1441 earmina,
1216 1391 1342 1442 Jane,
1377 1397 1464 1432 tua.

436 1462 613 1503 Multum
645 1462 774 1515 igitur
804 1462 955 1512 Janus,
991 1461 1167 1502 Multum
1200 1462 1426 1503 Pannonia
1458 1462 1600 1513 tellus,

499 1533 687 1575 Debebit
720 1533 958 1587 Stephano,
993 1532 1120 1574 docta
1153 1533 1345 1575 Minerva
1377 1534 1514 1576 simul.

285 1709 524 1745 Francisci
565 1708 702 1748 Zelei,
743 1708 1004 1745 Waeiensis
1044 1709 1091 1744 et
1120 1709 1413 1745 Posoniensis
1459 1707 1778 1744 Ecclesiarum

614 1773 835 1811 Canoniei
864 1774 1071 1810 carmina
1101 1774 1159 1810 ad.
1189 1774 1455 1810 lectorem.³

439 1867 628 1921 Pegasei
661 1873 866 1920 quantum
899 1868 1065 1919 latices,
1100 1867 1201 1920 quid
1234 1867 1380 1909 vivida
1412 1868 1558 1908 laurus

495 1938 675 1979 Vatibus
709 1938 914 1979 attribuat
946 1939 1111 1993 plectra
1144 1951 1300 1980 sonora
1336 1938 1461 1979 simul

438 2009 659 2058 Praesulis
692 2009 760 2049 hie
782 2009 882 2051 Jani
904 2009 1031 2050 modo
1064 2009 1284 2050 Pannonis
1309 2009 1471 2051 indicat
1492 2022 1628 2061 orsus,

496 2081 630 2122 Terse
664 2081 735 2133 qui
768 2080 891 2121 Latio
926 2081 1115 2121 earmina
1147 2093 1263 2122 more
1301 2080 1432 2122 dedit.

437 2153 515 2193 His
538 2152 720 2206 patriani
742 2152 941 2203 illustrat,
964 2153 1112 2206 generi
1137 2159 1178 2193 et
1200 2153 1295 2193 laus
1318 2153 1502 2193 maxima
1526 2152 1653 2204 cedit⁷

498 2224 551 2264 Et
585 2236 661 2264 sua
694 2229 903 2277 perpetuo
936 2224 1109 2264 nomina
1141 2224 1258 2264 clara
1291 2230 1479 2265 manent.

437 2294 605 2348 Quippe
627 2294 703 2336 tibi
724 2295 795 2335 ille
818 2294 962 2335 favum
981 2295 1269 2348 pulcherrima
1292 2295 1497 2349 praemia⁷
1521 2296 1668 2348 lector,

500 2365 707 2420 Spondet,
743 2372 785 2407 et
818 2366 1056 2419 armigerae
1091 2379 1137 2407 se
1172 2366 1282 2407 duee
1316 2372 1457 2408 eastra
1489 2367 1624 2408 Deae.

409 2518 418 2537 ¹
461 2518 568 2559 „Pars
608 2518 770 2552 secunda
809 2518 976 2562 Plyniani
1016 2519 1161 2559 Indicis,
1203 2518 1367 2553 eiusdem
1406 2519 1560 2552 Joannis
1589 2518 1779 2560 Camertis‚

288 2578 558 2622 Geographiam
596 2577 693 2611 idest
731 2577 874 2617 Terrae,
915 2577 1012 2612 etin
1040 2588 1083 2612 ea
1109 2578 1310 2621 regionum,
1351 2578 1536 2619 montium,
1568 2582 1778 2621 promonto-

286 2637 429 2674 riorum,
470 2646 655 2680 speeuum,
696 2637 889 2681 sylvarum,
928 2637 1096 2677 fontium,
1135 2637 1289 2676 laeuum,
1317 2637 1512 2677 fluminum,
1540 2637 1702 2680 marium,
1728 2638 1779 2673 in-

287 2697 458 2737 sularum,
498 2696 728 2739 oppidorum,
766 2697 1057 2739 populorumque
1097 2696 1366 2739 descriptiones
1397 2697 1588 2731 continens
1615 2697 1778 2741 copiose,

287 2755 488 2789 seeundum
524 2756 617 2789 inter
655 2755 785 2789 seriem
824 2755 1033 2789 litterarum.
1079 2755 1168 2789 Cum
1208 2756 1324 2800 gratia
1368 2759 1404 2790 et
1440 2756 1632 2800 privilegio
1680 2757 1778 2792 orbis

286 2813 493 2857 Principum
532 2817 570 2847 ut
597 2820 736 2857 supraf·
782 2814 1007 2858 Nyomattak
1044 2814 1212 2849 Beesben
1251 2815 1376 2849 Vietor
1401 2814 1441 2849 es
1469 2815 1694 2860 Singrenius,
1735 2826 1776 2849 az

287 2872 464 2907 Alantsee
491 2872 662 2907 tesverek
688 2872 885 2917 koltsegen
912 2874 1003 2907 1514
1030 2877 1122 2917 sept.
1152 2873 1303 2918 elsejen.

407 2931 471 2949 ²¹-3
498 2932 615 2966 Janus
642 2932 826 2966 Pannonis
853 2933 900 2965 tiz
928 2931 1085 2977 elegiaja
1114 2933 1282 2975 1514-iki,
1310 2932 1412 2968 beesi
1438 2934 1592 2968 kiadasa
1613 2933 1775 2979 elejero'l.
