1955 3278
1525 124 1597 157 205

115 269 311 310 azonban
345 282 369 309 a
400 268 523 309 latint
557 267 817 320 elfelejtsek‚
852 267 923 308 ubi
955 281 1205 320 graecarum
1240 268 1399 321 primas
1426 267 1598 320 regulas

115 338 343 380 habuerint
386 338 585 391 tanuljak
628 338 906 388 Priscianust,
946 339 993 378 es
1025 337 1187 391 vagjak
1234 337 1381 380 Cicero
1414 338 1598 386 leveleit„

115 409 319 450 olvassak
351 409 545 449 Valerius
579 410 626 449 es
657 408 852 450 ,Iustinus
884 408 1084 449 torteneti
1118 408 1510 462 compendiumjait‚
1552 411 1598 450 es

115 480 277 521 utanok
300 494 325 521 a
346 480 465 521 tobbi
484 479 823 521 tortenetirokat.
857 479 1019 520 Eodem
1043 492 1210 532 quoque
1233 488 1424 533 tempore
1447 486 1600 533 poetas

114 563 263 592 omnes
297 550 445 591 ordine
477 557 738 605 percurrent,
772 550 961 604 kezdjek
987 550 1275 603 Virgiliusnal⁷
1310 553 1435 591 aztan
1459 551 1599 592 ennek

114 621 317 675 utanzoja
349 621 475 663 Statii
507 622 698 663 Thebais
732 622 949 669 (Lucanus
982 621 1143 662 inkabb
1165 621 1322 671 rhetor,
1356 622 1459 662 mint
1482 622 1598 662 kolto

116 694 163 733 es
195 695 266 746 igy
299 706 324 733 a
345 693 549 734 rhetorok
582 694 682 733 utan
707 692 997 742 kovetkezik).
1024 691 1145 733 Ovid.
1170 692 1447 745 Metamorph.
1479 690 1599 744 (csak

115 776 141 803 a
172 762 397 804 fabulakat
423 764 580 817 belole)
613 765 660 804 es
690 763 822 813 Fasti,
859 762 1027 804 Seneca
1050 763 1311 816 Tragoediai
1336 761 1432 816 (sok
1453 763 1601 804 fabula

115 836 162 875 es
196 833 438 887 sententia),
485 835 712 875 Terentius
757 834 969 888 (elegans)
1005 836 1051 875 es
1097 833 1279 875 daczara
1326 834 1494 887 nemely
1528 834 1596 875 ob-

116 905 449 946 scoenitasanak
478 906 701 947 Juvenalis
735 902 774 958 (e
807 905 925 946 ketto'
960 919 985 945 a
1018 918 1156 945 sermo
1189 905 1428 946 urbanusra
1462 904 1599 956 tamt),

115 975 305 1027 Plautus,
353 976 567 1020 Horatius.
612 976 799 1018 Persius.
850 977 883 1016 A
916 976 1033 1017 t'obbi
1079 976 1214 1017 kolto't
1260 976 1481 1016 maskorra
1513 975 1601 1016 kell

115 1046 288 1100 hagyni.
340 1047 562 1101 Minthogy
606 1061 632 1088 a
677 1047 912 1088 k'oltokben
961 1047 1040 1087 sok
1084 1047 1283 1100 foldrajzi
1335 1046 1465 1100 dolog
1517 1060 1600 1087 van

115 1118 300 1169 emlitve,
328 1119 376 1172 jo
409 1119 497 1160 lesz
530 1121 654 1160 aztan
679 1118 866 1169 atvenni‚
899 1119 1181 1171 Pomponium
1215 1118 1386 1159 Mellam
1419 1118 1597 1171 Iginium

117 1189 177 1238 (Ξ
192 1187 436 1244 Hyginum),
461 1190 649 1231 Solinum
671 1196 713 1230 et
732 1203 856 1242 quem
875 1190 1065 1243 nuperin
1083 1189 1259 1229 latinum
1278 1202 1436 1243 parens
1456 1194 1601 1229 noster

117 1261 326 1302 convertit
345 1260 598 1302 Strabonem
623 1263 670 1302 es
693 1261 968 1302 Ptolomaeus
993 1259 1216 1313 mappajat
1239 1260 1600 1313 tanulmanyomli.

116 1334 241 1372 aztan
265 1345 290 1372 a
306 1332 569 1373 rhetorical-a
590 1331 757 1372 atterni.
783 1331 915 1371 Fomii
940 1330 1088 1372 Cicero
1106 1330 1335 1371 Rhetorica
1354 1330 1531 1383 nova-ja
1554 1331 1600 1371 es

113 1403 234 1444 t‘obbi
267 1404 584 1445 szonoklattani
615 1403 790 1444 munkai
831 1402 1211 1449 (declamatit'Jkkal
1244 1400 1533 1455 egybekotve)
1579 1416 1598 1442 s

116 1473 414 1523 Quintilianus.
465 1474 685 1528 Sziiksege
720 1488 801 1515 van
836 1487 884 1514 az
929 1474 1157 1514 oratornak
1196 1487 1221 1514 a
1253 1473 1425 1514 Moralis
1459 1473 1599 1513 Philo-

119 1546 321 1600 sophiara
365 1546 415 1592 is,
462 1549 578 1587 azert
623 1560 760 1599 vegye
806 1548 850 1586 at
895 1545 1214 1586 dialecticoran
1260 1552 1513 1598 argumenta
1560 1552 1600 1584 et

115 1616 356 1658 Aristotelis
390 1618 533 1658 ethica
565 1630 616 1658 ac
648 1617 803 1658 deinde
837 1616 1028 1657 Platonis
1051 1616 1277 1666 volumina,
1312 1614 1461 1656 Cicero
1496 1614 1597 1656 Offi-

115 1687 183 1728 cia
228 1689 274 1729 es
308 1689 581 1729 Tusculanne
616 1688 724 1742 disp.
775 1687 895 1737 Quae
941 1688 1083 1728 omnia
1128 1693 1409 1740 posteaquam
1455 1685 1600 1739 adepti

114 1757 272 1800 fuerint
304 1759 387 1800 iam
421 1773 504 1800 non
537 1759 663 1800 modo
696 1764 977 1813 praeceptore
1010 1772 1094 1799 non
1117 1757 1384 1811 indigebunt,
1420 1757 1497 1798 sed
1517 1758 1598 1811 ipsi

115 1830 211 1871 aliis
243 1837 547 1884 praeceptores
593 1837 715 1871 erunt
747 1830 891 1871 idonei
922 1830 1067 1882 itaque
1114 1842 1190 1882 per
1223 1842 1269 1869 se
1304 1836 1345 1869 et
1378 1829 1523 1881 legere
1558 1835 1598 1868 et

115 1901 356 1954 intelligere
389 1907 597 1956 poterunt.
631 1901 690 1942 Ez
713 1901 800 1942 volt
823 1914 848 1941 a
871 1903 1028 1941 tanitas
1056 1900 1212 1952 modja.
1247 1900 1281 1940 A
1306 1899 1361 1940 mi
1384 1913 1408 1940 a
1429 1899 1598 1939 tanulas

116 1972 280 2025 medjat
323 1972 452 2013 illeti:
498 1973 562 2013 Ne
597 1971 887 2025 elegedjenek
932 1986 1030 2025 meg
1070 1984 1095 2011 a
1127 1973 1261 2011 tanito
1308 1969 1600 2016 eloadasavah

116 2043 271 2084 hanem
316 2043 577 2084 olvassanak
620 2045 712 2083 mas
758 2042 1125 2083 commentarokat
1156 2042 1192 2082 is
1238 2044 1284 2082 es
1329 2040 1600 2094 csinaljanak

117 2113 247 2155 minei
277 2114 379 2155 t'obb
414 2120 720 2168 excerptumot.

234 2184 306 2226 fol.
340 2185 437 2227 2410.
491 2186 537 2227 In
584 2187 752 2239 graecis
806 2199 931 2237 quam
983 2184 1233 2225 brevissime
1286 2183 1509 2237 proficient
1565 2183 1599 2223 si

117 2269 211 2297 cum
244 2256 422 2310 primum
452 2255 732 2297 fundamenta
760 2256 1019 2309 acceperint,
1053 2268 1137 2296 non
1176 2268 1346 2308 semper
1384 2251 1598 2307 [sold-52}

117 2327 364 2380 magistrum
411 2327 562 2368 ducem
608 2328 912 2382 expectabunt⁷
961 2326 1037 2367 sed
1069 2327 1152 2380 ipsi
1184 2340 1230 2367 se
1278 2325 1526 2366 excitabunt
1561 2332 1601 2365 et

117 2399 309 2451 magitsri
340 2399 434 2439 loco
469 2399 560 2440 eius
593 2399 723 2440 libros
757 2399 995 2444 desument,
1032 2398 1101 2450 qui
1132 2398 1175 2437 in
1204 2398 1380 2437 latinum
1406 2396 1599 2437 conversi

119 2476 229 2521 sunt7
264 2475 305 2510 et
327 2483 412 2510 una
433 2483 527 2510 cum
550 2469 718 2522 graecis
741 2469 1028 2524 percurrendo
1053 2482 1104 2509 ex
1125 2468 1392 2519 virorumque
1417 2467 1600 2507 lectione

118 2540 328 2582 vocabula
361 2540 443 2594 ipsi
470 2554 545 2594 per
569 2554 614 2581 se
649 2541 864 2593 colligent,
888 2540 1159 2580 inveniuntur
1180 2551 1483 2591 nonnunquam
1507 2551 1599 2591 pre-

121 2612 263 2653 sertim
286 2612 328 2652 in
348 2611 481 2653 sacris
500 2612 594 2652 libri
616 2611 807 2653 nonnulli
826 2624 1010 2665 graecae
1030 2608 1072 2662 (Ι)
1091 2611 1336 2662 latinaeque
1356 2608 1400 2661 (Ι)
1425 2609 1602 2661 excripti

119 2683 178 2723 ita
212 2689 255 2722 ut
295 2695 348 2723 ne
391 2696 477 2723 una
509 2682 680 2735 quidem
722 2682 888 2736 syllaba
930 2681 1293 2735 interpretationis
1349 2679 1601 2720 versiculum

120 2761 194 2795 aut
237 2753 371 2794 maior
404 2760 475 2793 aut
508 2754 643 2794 minor
675 2754 740 2802 sit,
786 2753 829 2794 hi
862 2752 916 2793 ad
949 2753 1061 2793 hanc
1094 2765 1182 2792 rem
1216 2751 1277 2792 sic
1311 2751 1467 2804 optime
1503 2763 1600 2791 con-

121 2824 292 2874 ducent,
337 2830 381 2864 ut
414 2824 620 2877 quosdam
667 2838 748 2877 ego
788 2823 1074 2877 cognoverim,
1121 2822 1192 2875 qui
1224 2822 1307 2863 hac
1339 2822 1511 2862 racione
1546 2821 1601 2862 ad

119 2896 346 2936 maximam
392 2895 516 2935 huius
562 2896 733 2948 linguae
779 2895 979 2936 noticiam
1013 2894 1175 2946 absque
1218 2899 1498 2946 praeceptore
1532 2892 1602 2932 illo
