1955 3278
377 146 443 180 192

554 291 609 336 At
630 297 859 345 postquam
888 290 1069 331 Aonium
1092 291 1234 332 studia
1255 305 1481 334 accessere
1508 291 1698 347 benigna

613 362 800 404 Ulterius
835 361 934 413 dixi,
968 362 1025 403 nil
1060 362 1161 403 dare
1197 377 1297 403 cura
1329 369 1482 417 potest.

554 433 741 475 Ulterius
774 432 852 474 das
886 433 979 487 ipse
1014 440 1157 475 tamen
1191 441 1499 488 crescenteque
1532 436 1694 490 passim

612 504 746 546 Plebe
769 517 895 555 nova,
916 518 938 546 e
957 505 1140 559 proprio,
1165 511 1280 546 tecta
1303 505 1537 559 domosque
1558 520 1703 560 paras,

554 576 598 617 Si
627 589 708 631 ope
733 581 882 617 sancte
916 582 989 617 tua
1022 577 1187 630 patriae
1218 585 1340 631 pater
1363 577 1549 630 undique
1572 577 1693 631 leges

612 647 832 699 Crescunt,
851 661 1000 701 regna,
1020 654 1148 699 artes,
1168 648 1293 702 plebs
1311 661 1435 700 nova,
1455 654 1569 690 tecta
1591 662 1713 690 nova.

465 833 702 880 Matyasra
729 834 824 870 szol
849 834 956 880 meg
982 843 1009 868 a
1035 833 1292 870 kovetkez6
1319 834 1400 869 ket
1427 833 1762 881 epitaphium&

897 927 1109 969 Matthiae
1147 926 1333 969 Corvini.

516 1026 722 1067 Matthiae
743 1024 874 1078 Regis
893 1023 1033 1078 posita
1055 1023 1123 1064 hic
1142 1030 1240 1064 sunt
1263 1037 1376 1074 ossa,
1401 1023 1584 1078 probant
1607 1038 1734 1078 quam

577 1098 686 1138 Fata
718 1096 854 1138 fuisse
888 1095 1118 1145 hominum,
1152 1094 1270 1135 facta
1302 1094 1438 1136 fuisse
1471 1095 1621 1136 Deum.

1037 1202 1185 1244 Aliud.

518 1288 598 1338 Qui
630 1289 759 1329 toties
792 1288 975 1328 Turcam
1008 1287 1152 1328 Victor
1184 1293 1477 1341 prostraverat
1509 1287 1677 1328 hostem

573 1359 797 1401 Horribilis
831 1358 1005 1400 tandem
1040 1358 1228 1400 concidit
1261 1372 1364 1400 ense
1398 1358 1520 1399 necis

514 1432 680 1489 Inclyta
712 1430 791 1472 sed
823 1431 918 1472 laus
952 1436 993 1471 et
1026 1437 1239 1471 tantorum
1272 1430 1410 1483 gloria
1441 1443 1580 1470 rerum

574 1503 691 1553 Quas
725 1503 875 1557 gessit,
909 1502 1025 1543 nullo
1059 1508 1125 1542 est
1158 1501 1380 1542 interitura
1413 1501 1496 1542 die.

730 1678 785 1713 Π.
812 1677 951 1724 Lajos
979 1676 1135 1723 kiraly
1164 1676 1492 1723 epitaphiuma.

512 1777 649 1819 Natus
682 1778 736 1819 ab
770 1777 944 1830 antiquo
977 1777 1221 1819 Ludovieus
1255 1777 1465 1830 sanguine
1498 1776 1664 1829 Regum

572 1849 823 1890 Pannoniae
857 1849 993 1902 gestis
1027 1848 1207 1902 Sceptra
1242 1854 1418 1902 potente
1451 1861 1592 1889 manu.

487 1977 496 1996 ¹
838 1977 1116 2012 Theatrum
1154 1977 1379 2011 funebre

1014 2038 1200 2072 Exhibens

918 2098 988 2132 Per
1017 2098 1137 2132 varias
1165 2107 1295 2131 scenas

1012 2157 1208 2201 Epitaphia

959 2218 1062 2251 Nova
1091 2218 1254 2261 Antiqua

978 2277 1079 2311 Seria
1105 2276 1236 2311 Iocosa

680 2338 796 2378 Aevo,
824 2336 966 2376 Ordine,
993 2336 1193 2381 Dignitate.
1221 2335 1374 2374 Genera
1403 2335 1529 2375 Sexus.

603 2397 773 2439 Fortuna,
800 2396 964 2441 Ingenio,
992 2396 1085 2430 adeo
1113 2399 1150 2431 et
1176 2395 1279 2441 Stylo
1307 2405 1482 2439 perquam
1507 2394 1608 2428 varia

661 2455 751 2490 Cum
778 2455 1005 2490 Summorum
1030 2456 1258 2495 Pontificum,
1285 2455 1549 2498 Imperatorum

666 2516 712 2549 Et
736 2515 879 2559 Regum
905 2514 1056 2557 Galliae,
1086 2515 1279 2549 Succineta
1305 2512 1541 2557 chronologia

855 2576 1061 2619 Eorumque
1089 2574 1273 2618 Symbolis
1309 2585 1349 2608 ac

1003 2634 1208 2678 Epitaphiis

1004 2696 1205 2727 extructum

1092 2764 1113 2786 a

902 2812 1056 2847 Dodone
1090 2812 1229 2847 Richea
1260 2813 1299 2847 B.

825 2872 915 2907 Cum
939 2871 1115 2906 facultate
1143 2872 1378 2915 superiorum.

847 2943 1058 2988 Salisburgi.
1098 2942 1356 2979 MDCLXXIII.
