1955 3278
300 112 370 145 282

302 255 404 309 quid
437 260 533 308 post
566 255 697 296 multa
729 255 1001 296 tenebrarum
1034 255 1181 297 secula
1207 254 1367 297 vidisse
1396 255 1547 306 lucem7
1580 261 1645 297 est
1666 255 1791 310 pluri·

304 340 413 367 mum
447 327 501 368 ab
536 325 683 367 inferis
718 326 968 368 surrexisse.
1018 326 1105 367 Iam
1140 326 1218 367 sub
1254 325 1351 368 divo
1386 333 1450 367 est
1485 326 1608 368 divus
1652 326 1789 377 Plato,

303 398 388 438 iam
412 398 545 452 spirat
568 397 770 439 Phoebus
794 403 918 451 pater
941 411 993 438 ex
1015 398 1102 439 alto
1127 397 1215 439 suis
1243 397 1373 438 filium
1396 397 1527 438 radiis
1550 397 1788 439 illustrabit.

305 468 456 510 Vale.1
491 469 617 510 XXX
650 468 752 521 Maij
789 467 915 511 1485.
951 466 1239 510 Flore11tiae.·2

433 653 672 690 Marsilius
700 653 890 689 Fieinus
917 653 1166 689 Francisco
1193 653 1403 689 Bandino
1438 653 1477 689 S.
1504 653 1549 689 P.
1577 654 1626 690 D.
1645 656 1657 675 ³

422 753 567 804 Dices⁷
589 752 645 793 mi
668 752 877 803 Bandine,
901 751 1039 797 video,
1065 752 1191 793 immo
1213 752 1295 793 iam
1321 752 1392 793 diu
1416 752 1536 804 dicis,
1561 752 1793 794 Marsilium

302 823 360 865 ad
384 823 545 865 amicos
578 836 673 864 raro
708 836 943 877 parumque
970 822 1171 874 seribere7
1208 829 1355 864 contra
1379 837 1505 876 quam
1526 823 1730 877 frequens
1752 831 1794 866 et

304 896 459 948 longus
480 896 670 949 postulat
705 907 835 945 amor,
871 907 1004 948 saepe
1026 894 1288 947 multumque
1311 894 1544 947 requirens
1579 895 1672 948 Ego
1692 908 1794 937 vero

304 967 437 1007 multa
470 979 640 1020 semper
673 965 776 1006 mihi
808 965 957 1007 videor
990 964 1045 1006 ad
1080 965 1241 1006 amicos
1275 965 1461 1006 scribere
1496 965 1593 1007 dum
1621 965 1795 1008 assidue

306 1038 438 1078 multa
471 1037 695 1079 conscribo
729 1036 878 1078 amicis
917 1036 1189 1089 caeterisque
1222 1036 1421 1090 legenda.
1468 1037 1662 1079 Plotinus
1693 1038 1795 1078 iam-

305 1108 376 1149 diu
410 1108 523 1161 quod
568 1108 862 1162 promiseram,
908 1108 1065 1149 Latina
1109 1108 1301 1162 disputat
1331 1109 1492 1161 lingua⁷
1540 1115 1720 1162 quatuor
1753 1115 1795 1150 et

306 1180 617 1233 quinquaginta
648 1180 780 1231 libris,
823 1179 899 1221 sed
932 1179 1080 1220 horum
1112 1180 1288 1234 insuper
1320 1181 1626 1222 commentaria
1658 1181 1796 1234 poscit

306 1265 331 1292 a
363 1251 500 1292 nobis.
556 1250 662 1293 Octo
708 1251 791 1291 iam
825 1251 1071 1305 peregimus
1114 1251 1295 1303 Deoque
1329 1250 1478 1293 confisi
1511 1251 1710 1293 alacriter
1741 1251 1797 1293 ad

304 1328 479 1364 caetera
496 1322 754 1377 peregimus.
780 1321 1042 1363 Commenda
1065 1335 1142 1363 nos
1161 1322 1348 1363 Mathiae
1371 1322 1529 1364 invicto
1546 1322 1796 1364 Pannoniae

305 1395 406 1448 regi.
443 1394 530 1436 Sed
564 1394 693 1435 dicito
727 1407 811 1435 non
835 1406 964 1447 posse
990 1393 1334 1434 commendatum
1368 1394 1528 1435 habere
1551 1394 1798 1443 Marsilium‚

306 1465 388 1506 nisi
432 1465 632 1507 Iacobum
678 1464 912 1506 Amrozum
955 1465 998 1506 in
1031 1465 1177 1519 primis
1221 1465 1392 1506 delitias
1435 1471 1606 1507 nostras
1639 1465 1799 1507 habeat

307 1537 664 1579 commendatum.

437 1723 678 1760 Marsilius
705 1723 898 1760 Fioinus
925 1722 1178 1759 Francisco
1206 1723 1416 1759 Bandino
1446 1722 1485 1758 S.
1515 1722 1561 1759 P.
1588 1722 1667 1758 D.4

425 1823 539 1864 Dedi
570 1823 655 1864 iam
689 1823 852 1877 pridem
888 1823 943 1864 ad
967 1829 1009 1864 te
1033 1823 1198 1864 litteras
1232 1820 1421 1863 Iacobo5
1454 1822 1636 1863 Azarolo
1660 1820 1797 1862 amico

305 1908 407 1937 vero
441 1902 483 1936 et
517 1895 707 1949 eleganti
738 1896 841 1946 viro,
892 1907 1016 1947 quem
1049 1900 1094 1935 tu
1135 1894 1296 1947 pariter
1339 1900 1467 1946 atque
1501 1907 1568 1934 me
1609 1891 1797 1933 Mathiae

303 1966 494 2009 invicto⁶
540 1966 791 2007 Pannoniae
836 1966 929 2020 regi
975 1978 1107 2019 saepe
1158 1978 1253 2005 meo
1288 1965 1457 2005 nomine
1498 1962 1796 2005 commendare

304 2043 531 2079 memento.
583 2037 850 2092 Scripseram
897 2050 963 2078 me
996 2037 1039 2078 in
1073 2042 1272 2078 octavum
1316 2035 1474 2077 Plotini
1506 2034 1671 2086 librum,
1712 2035 1797 2076 iam

304 2109 610 2150 commentaria
644 2109 882 2163 peregisse.
929 2108 1053 2149 Nunc
1084 2107 1127 2148 in
1161 2106 1460 2148 duodecimum
1494 2105 1796 2148 commentaria

302 2180 499 2232 meditor,
524 2186 652 2233 atque
676 2180 758 2221 hac
781 2179 957 2221 assidua
981 2192 1083 2220 cura
1115 2178 1337 2231 contingit,
1358 2184 1402 2218 ut
1424 2191 1544 2218 raras
1568 2177 1796 2219 admodum

305 2259 347 2293 et
379 2265 456 2306 per
487 2251 640 2293 breves
674 2251 799 2292 amici
839 2251 1005 2292 litteras
1039 2264 1064 2291 a
1096 2250 1219 2291 nobis
1253 2249 1478 2303 accipiant.
1522 2249 1577 2290 Et
1602 2248 1796 2303 profecto

304 2323 475 2376 quando
520 2331 564 2363 tu
606 2323 736 2372 tales,
787 2323 946 2364 caeteri
990 2322 1099 2363 forte
1145 2321 1299 2362 nullas.
1359 2320 1551 2362 Miranda
1596 2320 1795 2373 equidem

301 2395 474 2436 invenio
507 2395 550 2435 in
582 2394 750 2436 Plotino
794 2395 999 2447 mysteria
1031 2399 1159 2446 atque
1205 2390 1264 2444 (id
1301 2391 1413 2445 quod
1447 2391 1681 2432 mirabilius
1714 2391 1795 2444 est)

303 2465 665 2518 frequentissima,
696 2464 827 2519 quaeT
861 2462 1051 2506 utinamS
1085 2465 1237 2505 saltem
1258 2463 1400 2505 verbis
1428 2463 1652 2516 explicem,
1687 2462 1795 2503 sicut

303 2537 506 2590 augurari
525 2537 665 2578 animo
690 2537 791 2577 mihi
813 2536 971 2578 videor.
998 2535 1085 2577 Sed
1107 2535 1202 2577 vale
1226 2535 1311 2576 iam
1335 2534 1529 2575 Bandine
1552 2534 1609 2574 mi
1630 2533 1793 2575 suavis-

303 2608 408 2648 sime
442 2608 635 2649 Plotinus
668 2608 836 2648 interim
868 2619 935 2649 me
969 2606 1165 2648 accersit.

423 2784 432 2803 ¹
458 2784 545 2818 Vale
566 2784 738 2828 hianyzik
758 2783 890 2818 F-ben.
941 2783 953 2802 ²
982 2794 1001 2816 a
1028 2782 1150 2816 datum
1172 2782 1348 2826 hianyzik
1368 2782 1507 2816 H-ban.
1559 2781 1571 2800 3
1598 2792 1631 2824 p.
1653 2781 1731 2814 879.
1751 2800 1792 2803 —

301 2843 339 2876 P.
360 2844 401 2877 D.
425 2844 598 2887 hianyzik
624 2843 755 2877 F-hen.
799 2844 812 2863 4
838 2843 877 2877 P.
903 2843 944 2876 D.
973 2842 1145 2886 hianyzik
1172 2841 1302 2875 F-ban.
1349 2841 1361 2859 ⁵
1379 2841 1513 2875 Iacobo
1533 2839 1577 2874 F.
1622 2839 1635 2857 ⁴³
1663 2839 1793 2873 invicto

301 2903 474 2947 hianyzik
501 2902 636 2937 H-ban.
685 2902 694 2922 ⁷
722 2913 812 2945 qaae
838 2902 1010 2946 hianyzik
1038 2901 1166 2935 F-ben.
1214 2901 1225 2920 ³*
1252 2901 1342 2934 utita
1369 2900 1412 2934 F.
