1955 3278
345 141 415 176 216

346 286 567 341 patefiunt.
615 285 785 327 Deinde
818 290 863 326 ut
896 284 1160 327 diversorum
1200 286 1314 327 dicta
1354 286 1474 329 brevi
1517 287 1832 341 colligerentur.

346 359 568 400 Postremo
603 358 657 398 sit
689 356 852 410 figurae
887 357 1092 410 cuiusque
1127 357 1403 411 ethimologia
1434 357 1476 399 id
1510 364 1576 399 est
1608 359 1832 412 originatio

345 442 429 470 uno
450 428 594 470 libello
622 428 865 470 haberetur.
889 428 955 470 Ad
977 441 1083 481 quas
1115 428 1285 482 quidem
1313 428 1513 470 sciendas
1535 436 1577 470 te
1598 441 1831 483 omnesque

348 501 456 541 alios
489 500 659 541 hortor:
707 499 769 540 eis
804 499 915 540 enim
948 513 1032 541 non
1065 513 1220 553 poema
1252 499 1392 551 modo,
1427 499 1505 541 sed
1538 500 1666 541 etiam
1700 501 1832 542 oratio

347 578 545 612 ornatur:
579 578 624 612 ut
656 571 792 624 inquit
825 571 1010 612 Fabius:
1051 577 1093 611 et
1127 570 1274 612 Cicero
1309 571 1362 612 de
1396 570 1535 612 claris.
1584 569 1833 612 Oratoribus

346 642 473 683 etiam
495 642 566 692 ait,
602 641 715 694 quod
748 642 889 682 ornari
919 643 1153 683 orationem
1175 643 1320 695 graeci
1342 649 1518 696 putant:
1553 643 1589 683 si
1608 642 1833 684 verborum

344 712 710 754 immutationibus
744 719 939 754 utantur:
982 726 1088 765 quos
1122 713 1343 767 appellant
1376 719 1521 767 tropos
1555 720 1597 754 et
1629 714 1832 754 sententi-

346 797 464 825 arum
487 784 775 836 otationisque
798 784 1031 837 formisque
1050 790 1206 825 vocant
1225 784 1459 825 schemata.
1488 784 1715 825 Caeterum
1737 784 1834 837 quia

345 856 534 909 ipsarum
568 856 740 896 nomina
772 854 1003 908 figurarum
1039 855 1274 909 asperrima
1307 862 1404 896 sunt
1438 855 1583 908 aliqua
1616 855 1727 896 enim
1759 855 1833 896 tris

345 926 500 967 breves
546 926 760 980 syllabas:
809 925 1019 978 quaedam
1067 928 1266 978 quattuor
1310 934 1381 967 aut
1427 927 1613 979 quinque
1658 932 1831 968 tenent:

346 997 459 1050 quod
503 998 700 1038 Manilius
740 998 865 1039 tertio
910 997 1017 1038 libro
1050 997 1207 1038 refert:
1256 998 1417 1038 tornari
1460 1010 1529 1038 res
1575 997 1671 1051 ipsa
1704 1005 1835 1050 negat

346 1074 549 1110 contenta
572 1069 728 1110 doceri.
760 1069 865 1110 Vale
893 1068 1164 1110 dulcissime:
1189 1069 1322 1110 Nonis
1347 1068 1580 1110 Sextilibus
1609 1068 1832 1109 Millesimo

346 1140 770 1194 quadringentesimo
804 1141 1069 1194 octogesimo
1102 1153 1229 1182 nono.
1269 1140 1444 1181 Romae.

454 1327 682 1363 Antonius
708 1325 1022 1363 Maneinellus
1048 1326 1453 1372 praestantissimo
1481 1325 1579 1361 viro
1607 1325 1645 1361 J.
1672 1324 1723 1360 V.

417 1392 703 1429 serenissimi
734 1391 877 1439 Regis
910 1391 1182 1438 Hungariae
1210 1391 1557 1439 Bohemiaeque
1590 1389 1763 1426 oratori

945 1456 1232 1504 dignissimo.

492 1569 738 1611 Pannonios
770 1569 881 1609 inter
913 1569 1029 1609 fama
1063 1568 1342 1610 celeberrime
1376 1567 1561 1622 praesul,

550 1641 742 1682 Romano
776 1640 945 1693 eloquio
979 1640 1047 1681 vel
1080 1640 1277 1681 cicerone
1312 1639 1438 1693 prior.

493 1712 595 1753 Cum
629 1712 705 1753 tibi
739 1719 836 1753 sunt
870 1712 1032 1753 dociles
1065 1712 1211 1765 pueri:
1246 1711 1435 1764 clarique
1469 1716 1650 1764 nepotes

552 1785 660 1825 Pars
694 1797 870 1837 quorum
905 1782 1057 1824 studiis
1092 1782 1330 1823 erudienda
1361 1782 1468 1823 meis

497 1854 755 1909 Scripsimus
778 1855 888 1896 haec
905 1855 1080 1896 valeant
1098 1855 1256 1895 cultum
1276 1853 1369 1906 quis
1393 1866 1523 1894 nosse
1547 1864 1702 1906 poema

553 1926 656 1975 Quis
689 1933 881 1967 veterum
914 1926 1076 1979 passim
1110 1925 1267 1978 scripta
1300 1924 1460 1966 referta
1489 1930 1650 1965 notent.

496 1997 642 2038 Cultos
675 1997 741 2038 his
776 1997 933 2038 etenim
966 2009 1247 2049 quaecunque
1281 1996 1414 2037 oratio
1447 1995 1520 2036 fiet

554 2068 653 2109 Sive
688 2068 829 2109 soluta
862 2074 998 2109 meet:
1035 2067 1125 2108 sive
1160 2073 1307 2108 notata
1340 2066 1490 2107 modis.

494 2139 640 2191 Usque
674 2152 751 2192 per
783 2151 856 2179 ora
889 2139 1022 2179 virum
1057 2138 1223 2192 possint
1257 2138 1485 2179 audentius
1519 2137 1578 2178 ire

553 2210 644 2251 Nec
678 2223 838 2250 sannas
872 2216 1087 2250 metuant:
1123 2209 1391 2250 auriculasve
1425 2208 1530 2250 sibi:

496 2282 620 2335 Elige
653 2288 837 2322 tutorem
871 2294 1037 2322 sumnia
1069 2280 1281 2333 gravitate
1316 2279 1552 2320 verendum

553 2353 677 2406 Eligo
712 2366 835 2405 quem
870 2365 1093 2406 procerum
1125 2358 1302 2405 pectora
1326 2363 1459 2392 saeva
1487 2356 1685 2392 tremunt.

495 2423 577 2474 Qui
610 2424 713 2465 nulli
745 2424 932 2477 ingenio,
966 2423 1070 2464 nulli
1102 2423 1256 2464 virtute
1291 2421 1533 2463 secundus:

557 2495 648 2545 Quo
684 2495 825 2535 nullus
858 2500 948 2536 toto
982 2495 1143 2548 gratior
1175 2493 1277 2534 orbe
1310 2499 1454 2533 manet

495 2566 603 2607 Hinc
636 2566 691 2607 ad
724 2573 766 2607 te
800 2572 1032 2620 properant
1064 2564 1197 2605 nostri
1229 2570 1505 2605 monumenta
1537 2562 1696 2603 laboris

555 2638 664 2678 Hinc
697 2638 813 2679 velut
847 2636 901 2678 ad
934 2649 1091 2677 numen
1124 2635 1254 2676 missa
1287 2635 1469 2676 libenter
1502 2640 1615 2675 eunt.

497 2708 658 2749 Sumito
687 2721 820 2762 parva
843 2708 943 2749 licet
964 2707 1135 2748 minimo
1160 2719 1328 2759 quoque
1350 2705 1523 2746 numina
1546 2703 1736 2757 gaudent

557 2780 745 2821 Sumite:
782 2779 817 2819 si
851 2779 937 2821 voti
970 2791 1071 2832 spes
1104 2783 1177 2818 tua
1211 2790 1385 2831 compos
1419 2783 1501 2817 eat.

1041 2860 1152 2901 Vale.
