1898 3278
233 127 280 160 54

232 271 385 312 melius
419 278 636 312 coerceret
651 270 673 311 t>
707 285 861 325 nempe
895 285 1033 315 nemo.
1075 273 1277 314 Nimirum
1313 274 1407 327 quis
1440 288 1525 316 non
1558 276 1722 317 noverit

233 342 503 383 Maiestatem
537 342 673 383 Tuam
706 342 850 396 potius
884 357 906 384 e
936 344 1056 385 coelo
1091 344 1233 385 datam
1269 358 1395 397 quam
1427 345 1616 387 humana
1637 346 1722 388 dis-

234 413 462 466 quisitione
496 413 723 456 delectam.
766 414 862 456 Non
895 414 1109 456 humanae
1143 416 1268 458 vires.
1303 429 1386 457 non
1419 417 1603 468 vincula,
1636 431 1723 459 non

234 497 393 535 carcer,
440 497 493 525 ne
527 484 615 525 ulla
647 485 818 538 quidem
851 493 1038 540 angusta
1069 487 1278 541 relegatio
1323 487 1529 529 Mathiam
1562 488 1617 529 ad
1649 489 1723 530 im-

234 555 397 608 perium
431 555 633 596 divinitus
668 557 849 597 accitum
884 563 926 597 et
959 557 1101 599 adhuc
1134 572 1311 612 puerum
1350 556 1420 607 (ne
1453 559 1630 601 dixerim
1662 560 1723 601 in-

233 624 413 680 fantem)
454 627 659 668 remorari
691 641 831 680 neque
865 628 1080 670 destinato
1112 643 1246 683 regno
1281 630 1540 672 defraudare
1573 632 1721 685 potuit.

234 696 329 738 Non
363 697 618 739 mendicatis
664 699 879 752 suffragiis
925 706 1094 741 creatus
1128 714 1213 741 non
1246 701 1417 742 ambitis
1458 702 1725 756 principibus

235 775 421 822 optatus,
467 769 546 810 sed
591 769 820 811 anhelatus
864 771 1106 824 postulatus
1152 786 1269 822 ense7
1315 773 1418 814 item
1464 779 1637 828 ereptus
1683 780 1726 815 et

234 839 482 894 redemptus
505 840 560 881 ad
582 840 715 882 fatale
738 855 918 894 regnum
942 849 1118 884 evectus
1143 850 1220 885 est.
1246 844 1294 894 O,
1315 851 1500 897 quantus
1522 845 1724 899 princeps

234 910 306 952 ille
339 911 506 953 futurus
540 919 644 958 erat,
692 913 759 954 cui
792 914 1017 967 pueritiam
1056 915 1177 968 regia
1211 915 1419 969 dignitate
1465 916 1609 958 divina
1641 916 1723 957 cle-

236 983 396 1023 mentia
429 983 689 1034 excoluerat,
723 991 765 1025 et
793 985 931 1037 qualis
958 985 1026 1027 hic
1055 985 1223 1027 futurus
1245 993 1349 1037 erat,
1382 1000 1468 1028 non
1491 987 1618 1029 modo
1650 987 1724 1028 ille

237 1054 534 1095 sanctissimus
557 1055 620 1096 vir
639 1055 863 1097 Johannes
888 1056 1169 1110 Capistranus
1191 1057 1334 1099 divino
1369 1058 1519 1112 spiritu
1551 1058 1725 1100 afflatus

237 1138 368 1178 saepe
402 1126 690 1179 praedixerat,
725 1127 803 1168 sed
834 1128 928 1181 ipse
963 1141 1130 1181 quoque
1160 1128 1439 1170 illudentibus
1467 1130 1725 1183 quandoque
1784 1144 1786 1148 ’

236 1196 554 1239 Viennensibus
588 1205 630 1240 et
659 1212 807 1241 eccum
829 1200 944 1240 illum
970 1200 1188 1253 Ungariae
1211 1200 1374 1254 Regem
1398 1200 1725 1253 oblatrant-ibus,

237 1276 279 1308 et
312 1275 497 1310 vestrum
545 1283 714 1323 quoque
761 1284 893 1325 saepe
926 1271 1173 1325 respondit3
1221 1271 1334 1324 quod
1368 1271 1523 1313 deinde
1557 1285 1726 1313 omnem

239 1339 377 1380 exitus
402 1341 668 1394 approbavit.
702 1342 905 1396 Acceptis
929 1356 1113 1395 namque
1142 1356 1282 1384 rerum
1306 1343 1489 1384 habenis
1507 1350 1550 1384 et
1570 1350 1726 1397 pacato

236 1424 369 1463 regno
403 1424 456 1452 ne
490 1411 660 1453 divinae
694 1413 931 1455 vocationis
963 1414 1169 1455 inmemor
1202 1427 1299 1456 esse
1332 1413 1560 1464 videretur,
1584 1413 1727 1455 adhuc

237 1495 343 1535 puer
368 1483 411 1522 in
437 1483 754 1537 expeditionem
778 1485 1011 1526 Turcorum
1037 1485 1223 1526 animum
1245 1485 1442 1537 intendit,
1466 1499 1560 1526 cum
1581 1498 1727 1526 eorum

237 1553 494 1607 imperatore
519 1568 689 1609 semper
712 1556 862 1597 dextro
885 1557 1021 1598 Marte
1045 1556 1247 1608 conflixit,
1268 1570 1402 1610 saepe
1425 1557 1578 1598 castris
1597 1557 1726 1609 exuit,

238 1638 370 1678 saepe
404 1625 459 1667 ad
493 1626 743 1667 solvendam
778 1627 1045 1668 obsidionem
1079 1634 1120 1668 et
1143 1627 1398 1669 dimittenda
1418 1627 1726 1681 impedimenta

237 1696 546 1749 machinasque
591 1698 772 1739 bellicas
818 1699 1034 1752 compulit,
1079 1699 1122 1739 in
1156 1699 1319 1740 Maesia
1365 1712 1498 1752 saepe
1542 1698 1653 1739 fudit
1685 1706 1728 1740 et

237 1767 415 1821 fugavit,
463 1777 504 1810 et
549 1770 679 1810 multo
727 1770 901 1823 saepius
945 1770 1139 1811 inaudita
1178 1777 1321 1824 strage
1356 1770 1552 1812 confecit.
1603 1769 1727 1818 Quod

237 1839 279 1879 in
326 1839 620 1882 Transilvanis
667 1840 810 1882 adhuc
856 1842 1019 1896 campis
1051 1842 1186 1883 instar
1224 1842 1429 1883 montium
1468 1841 1726 1882 cadaverum

238 1916 451 1952 testantur
478 1912 635 1953 acervi.
682 1912 951 1954 Maumethes
983 1913 1215 1967 imperator
1247 1912 1303 1954 ad
1337 1926 1437 1954 suos
1471 1911 1727 1965 quandoque

239 1995 379 2023 versu
427 1981 476 2031 O,
511 1997 638 2036 quam
670 1997 835 2035 vereor,
883 1998 1015 2039 saepe
1050 1985 1193 2025 dicere
1238 1984 1420 2035 solebat,
1461 1997 1514 2024 ne
1548 1997 1573 2024 a
1605 1982 1729 2024 fatali

238 2053 322 2094 1100
364 2054 632 2108 Ungarorum
678 2069 824 2109 puero,
872 2069 998 2109 quem
1045 2070 1096 2097 ex
1142 2056 1338 2097 omnibus
1384 2069 1513 2096 unum
1551 2053 1728 2108 imperio

239 2124 415 2179 dignum
460 2139 557 2167 esse
603 2140 761 2168 censeo
807 2128 1052 2181 turpissime
1098 2127 1222 2169 caedi
1259 2127 1490 2168 videamur.
1543 2124 1729 2166 Proinde

240 2197 428 2238 amicitia
473 2203 514 2238 et
559 2197 701 2239 officio
747 2199 890 2252 potius
936 2199 1249 2240 conciliandum
1298 2212 1426 2251 quam
1473 2197 1529 2239 ad
1573 2209 1731 2250 magna

241 2268 458 2322 speranda
489 2269 753 2310 incitandum
788 2283 885 2311 esse
919 2269 1110 2311 arbitror.
1158 2270 1199 2310 Is
1234 2269 1346 2310 enim
1380 2282 1520 2321 neque
1563 2267 1731 2309 insidiis

241 2340 547 2391 circumveniri,
574 2354 715 2393 neque
750 2340 933 2382 audacia
967 2341 1173 2382 deterreri
1200 2348 1355 2394 potest,
1391 2339 1469 2381 sed
1502 2338 1729 2391 quottidia-

240 2424 338 2452 num
372 2425 421 2452 ac
454 2412 666 2453 familiare
699 2412 782 2453 hoc
814 2412 973 2453 bellum
1008 2418 1087 2463 est,
1120 2411 1467 2464 hereditarioque
1491 2411 1580 2451 iure
1614 2409 1728 2450 dele-

240 2489 399 2536 gatum.
439 2483 552 2524 Dum
584 2483 667 2524 hoc
699 2483 860 2537 geritur
894 2496 994 2525 ecce
1029 2497 1052 2523 a
1087 2482 1288 2524 cardineo
1323 2489 1476 2524 senatu
1509 2490 1551 2522 et
1585 2488 1729 2522 aucto-

239 2554 365 2594 ritate
398 2554 619 2607 pontificia
651 2555 927 2596 accerrimum
960 2554 1164 2595 Boemiae
1200 2554 1370 2604 bellum,
1414 2566 1523 2606 quae
1557 2551 1732 2593 tabifica

240 2627 412 2668 haeresi
439 2626 492 2667 ab
521 2626 759 2667 orthodoxa
785 2625 870 2667 fide
899 2625 1131 2667 defecerat.
1158 2625 1376 2666 Maiestati
1408 2625 1527 2665 Tuae
1558 2623 1732 2664 deman—

242 2699 377 2739 datur.
414 2697 524 2747 Quin
548 2698 677 2738 etiam
700 2710 750 2739 eo
775 2697 944 2749 quidem
971 2696 1060 2737 fere
1085 2703 1277 2750 tempore
1303 2709 1483 2749 regnum
1507 2695 1731 2736 Sarmatae

240 2769 461 2820 invadunt,
494 2769 697 2810 intestina
733 2775 899 2810 tuorum
934 2767 1186 2822 principium
1222 2767 1512 2808 coniuratione
1546 2765 1731 2806 excitati.

242 2841 376 2882 Paulo
410 2846 507 2894 post
547 2840 780 2881 Federicus
815 2840 1047 2893 imperator
1084 2853 1134 2880 ac
1170 2839 1393 2880 occidente
1428 2837 1572 2879 hostili
1603 2848 1732 2877 manu

242 2912 488 2953 Pannonios
522 2911 785 2965 aggreditur7
819 2910 981 2964 passim
1007 2911 1096 2963 igni
1129 2910 1327 2962 ferroque
1355 2915 1571 2956 crassatur
1599 2905 1677 2959 (sic
1694 2904 1733 2959 1).
