1919 3273
335 113 409 146 472

619 256 729 297 Nam
762 269 836 297 cur
868 269 959 307 VOS,
992 269 1112 310 rogo,
1147 256 1335 298 Coelites
1367 255 1485 297 beati

619 327 711 368 Vox
743 341 810 368 me
845 326 1000 379 deficit,
1035 334 1077 368 et
1110 327 1231 369 cibus
1263 333 1447 381 negatur

621 397 849 440 Obstrictis
882 399 985 440 mihi
1017 399 1216 440 faucibus
1248 398 1450 440 tumore‘?

621 469 704 511 Cur
736 470 806 511 vix
838 483 940 511 aera
974 470 1127 511 sorbeo
1160 469 1430 523 perennem?

619 541 716 583 Non
749 547 916 583 vestros
951 555 1032 595 ego
1065 541 1235 595 prodidi
1266 541 1437 594 loquaci

621 612 851 654 Convictus
883 613 1123 667 petulantia
1155 619 1394 667 protervus,

623 683 679 725 Ut
712 697 779 724 me
812 684 1049 725 Tantaleas
1083 683 1226 724 subire
1260 697 1425 737 poenas

618 755 703 796 Par
736 755 802 804 sit,
838 762 879 796 et
913 755 1112 796 crucietis
1144 755 1439 797 immerentem

620 827 673 867 Et
705 827 938 868 raucedine
973 832 1015 868 et
1049 827 1291 868 esuritione.

619 899 674 939 At
707 912 784 940 vos
818 897 1154 951 endecasyllabo
1187 897 1386 950 fluentes⁷

621 969 708 1011 Sed
740 983 825 1011 non
858 969 1070 1024 apposite,
1104 983 1185 1010 nec
1218 977 1441 1023 apparate,

619 1041 775 1082 Verum
808 1039 870 1090 (ut
901 1054 993 1082 mos
1027 1054 1148 1082 meus
1182 1039 1264 1094 est)
1296 1046 1475 1094 repente
1508 1039 1607 1081 fusi.

619 1113 819 1154 Andreae
852 1113 967 1154 bona
1001 1112 1175 1154 dicitote
1208 1112 1355 1154 verba.

617 1184 819 1225 Nostrum
852 1185 913 1225 illi
946 1197 1114 1237 quoque
1147 1184 1348 1225 nunciate
1382 1197 1543 1235 casum,

618 1256 711 1306 Quo
745 1256 927 1298 conviva
959 1256 1098 1297 minus
1130 1256 1276 1297 venire
1310 1255 1472 1310 possim

617 1327 683 1369 Ad
706 1334 792 1368 tam
815 1326 1059 1369 munificum
1090 1329 1222 1368 virum
1244 1334 1285 1368 et
1306 1327 1552 1380 benignum,

615 1400 813 1448 Doctum,
834 1399 1038 1453 Iuppiter7
1057 1399 1273 1452 hospitem
1298 1405 1339 1440 et
1363 1398 1582 1448 disertum,

618 1471 813 1512 Diversis
847 1470 986 1524 epulis
1020 1470 1311 1523 suavibusque

616 1542 669 1583 Et
691 1549 859 1583 mentes
882 1542 1099 1583 hominum
1123 1548 1164 1583 et
1187 1542 1311 1594 gulas
1334 1542 1586 1595 replentem,

616 1614 824 1654 Escarum
856 1613 1070 1654 illecebris
1103 1613 1337 1666 Apicianis,

618 1684 956 1737 Sermonumque
989 1684 1136 1738 lepore
1171 1684 1385 1735 Tulliano,

616 1756 755 1797 Dictis
790 1755 1021 1797 Socraticis
1054 1755 1390 1808 Platonicisque.

332 1936 403 1976 Ad
435 1934 614 1977 nobilem
647 1934 714 1976 D.
753 1933 978 1989 Georqz'uwz
1027 1934 1260 1976 Loxomum
1299 1933 1484 1989 Regium
1525 1933 1822 1975 Secretarz'nm.

479 2044 550 2085 Nil
582 2043 729 2084 mirum
763 2050 939 2084 aeterno
975 2043 1010 2084 si
1044 2042 1274 2084 delectaris
1307 2043 1507 2085 Homero.

542 2114 726 2169 Saepius
758 2115 801 2155 in
834 2128 993 2168 magna
1025 2120 1066 2155 te
1100 2114 1210 2167 legis
1243 2114 1389 2155 Iliade.

479 2186 608 2227 Nirea
640 2192 685 2226 tu
719 2187 877 2240 speeie,
911 2192 957 2226 tu
989 2192 1164 2240 pectore
1197 2185 1344 2227 reddis
1378 2186 1592 2239 Ulyssem,

539 2257 877 2309 Aemoniumque
911 2257 1006 2298 citis
1038 2257 1240 2311 passibus
1274 2256 1506 2298 Aeaciden.

479 2329 651 2371 Titiden
685 2329 840 2381 animo,
873 2329 1060 2370 iucunda
1092 2342 1198 2371 voce
1231 2330 1435 2370 minorem

542 2400 721 2441 Atriden
753 2400 838 2441 fido
873 2400 1001 2441 corde
1035 2400 1325 2442 Menetiaden.

480 2473 621 2525 Atque
655 2472 750 2513 aliis
784 2472 892 2513 alios
924 2472 1125 2513 virtutum
1156 2472 1397 2524 insignibus
1432 2483 1609 2524 aequas,

540 2543 741 2596 Undique
777 2550 818 2584 et
852 2542 1040 2584 ostendit
1074 2550 1115 2584 te
1149 2543 1225 2584 tibi
1258 2542 1524 2584 Maeonides.

440 2721 507 2763 De
541 2721 774 2764 clarissimo
808 2721 896 2763 Tiro
928 2721 1157 2763 Beneclieto
1190 2720 1378 2762 Bekenio
1413 2720 1470 2761 ad
1500 2719 1713 2761 Pisonem.

481 2829 679 2870 Miremur
710 2829 852 2871 varias
886 2835 946 2870 tot
979 2830 1021 2869 in
1056 2842 1139 2869 uno
1175 2841 1351 2882 corpore
1387 2827 1509 2868 dotes
1548 2882 1551 2886 λ

539 2901 591 2941 Et
624 2908 685 2941 tot
716 2900 758 2941 in
793 2901 969 2954 egregio
1003 2906 1177 2954 pectore
1212 2899 1396 2941 divitias.
