1955 3278
1505 124 1570 156 115

91 269 267 311 bibendi
300 269 502 310 damnata
535 268 590 309 ad
622 268 897 309 sobrietatem
942 267 1066 308 rediit
1099 281 1177 309 nec
1214 267 1418 321 deinceps
1452 267 1575 308 aliter

92 340 236 382 vinum
269 340 423 381 biberit
456 339 536 380 nisi
568 339 679 380 bene
713 351 825 391 aqua
858 338 1047 379 dilutum.
1084 338 1268 379 Sanctus
1291 338 1450 379 Paulus
1472 338 1572 378 item

91 417 177 451 tam
211 410 541 452 abominandum
574 410 718 452 vitium
753 408 931 450 credidit
965 409 1227 459 ebrietatem,
1268 416 1313 449 ut
1348 408 1575 450 Corinthiis

93 482 265 533 scribat,
312 481 424 534 quod
458 495 552 522 cum
585 481 754 522 homine
789 480 858 533 qui
901 479 1094 520 ebriosus
1129 480 1183 520 sit
1215 481 1341 520 etiam
1374 480 1507 520 frater
1540 479 1577 520 si

93 559 209 594 esset
241 553 379 594 cibum
420 566 502 593 non
536 552 720 605 capiant,
766 552 874 592 sicut
908 563 1001 591 cum
1040 550 1279 592 fornicariis
1313 558 1353 592 et
1387 551 1481 591 aliis
1513 550 1575 590 in-

92 623 290 665 famibus.
323 623 498 677 Scripsi,
533 620 681 675 inquit,
715 622 838 663 nobis
873 622 1137 663 commisceri
1170 621 1423 663 fornicariis.
1463 621 1507 663 Si
1538 621 1576 661 is

93 695 163 747 qui
205 695 338 736 frater
368 694 608 735 nominatur
644 695 756 734 inter
787 706 865 735 nos
900 700 965 734 est
1004 693 1248 743 fornicator‚
1296 701 1367 733 aut
1410 706 1576 741 avarus,

94 772 167 806 aut
198 765 323 807 idolis
357 766 563 816 seruienS,
598 771 670 806 aut
704 764 951 814 maledicus,
985 770 1056 804 aut
1096 764 1303 813 ebriosus,
1339 771 1410 804 aut
1443 777 1578 817 rapax

95 850 188 877 cum
221 836 463 877 huiusmodi
496 850 575 877 nec
609 836 747 877 cibum
782 849 962 877 sumere.
995 836 1057 876 Eo
1088 835 1214 888 quod,
1250 841 1293 875 ut
1318 835 1470 884 Hiero;
1505 835 1577 885 ait,

99 907 253 948 Venter
286 920 399 948 mero
433 914 638 948 aestuans
672 907 845 948 defacili
878 912 1047 960 spumat
1069 906 1110 946 in
1132 906 1351 947 libidinem
1385 912 1427 947 et
1450 906 1577 947 forni-

95 978 318 1019 cationem.
351 979 460 1019 Hinc
494 984 559 1019 est
593 977 749 1018 dictum
785 991 838 1018 ex
870 991 965 1030 gen.
999 976 1111 1030 quod
1146 977 1318 1030 spiritus
1338 976 1578 1017 immundus

95 1048 259 1090 habitet
291 1049 333 1089 in
367 1049 575 1103 sepulcris
609 1049 634 1089 i.
659 1049 825 1089 luxuria
858 1062 967 1100 quae
996 1047 1256 1088 immundum
1284 1048 1386 1089 facit
1415 1048 1579 1088 habitat

94 1119 137 1160 in
170 1120 333 1173 gulosis
369 1127 410 1161 et
443 1119 624 1161 ebriosis
659 1133 768 1172 quae
803 1120 1031 1173 sepulchra
1072 1126 1168 1159 sunt
1202 1119 1405 1160 luxuriae.
1454 1119 1577 1168 Quid.

96 1188 229 1244 n.[on]
266 1191 410 1232 Venus
445 1191 563 1232 ebria
596 1190 751 1232 curat‘?
782 1190 943 1243 Igvinis
975 1197 1016 1231 et
1050 1191 1201 1244 capitis
1236 1204 1345 1242 quae
1381 1191 1463 1231 sint
1496 1190 1580 1231 dis-

97 1262 274 1303 crimina
317 1261 466 1312 nescit,
502 1262 560 1302 ait
592 1262 708 1303 Iuve.
756 1261 1036 1315 Sepulchrum
1084 1261 1294 1313 siquidem
1329 1268 1393 1302 est
1426 1269 1580 1314 patens

96 1338 241 1386 guttur
270 1346 427 1384 eorum,
460 1333 518 1373 ait
538 1332 690 1373 David.
724 1332 771 1373 in
796 1345 904 1384 quae
933 1332 1161 1385 sepulchra
1194 1331 1426 1373 daemones
1452 1333 1579 1373 etiam

97 1404 311 1457 petierunt
344 1404 500 1445 intrare
534 1404 612 1445 sub
647 1405 764 1458 porci
809 1405 978 1445 nomine
1025 1417 1244 1457 expresso,
1292 1411 1336 1444 ut
1370 1411 1434 1444 est
1467 1403 1582 1458 apud

97 1475 268 1516 Lucam.
309 1475 581 1517 Manifestum
615 1476 725 1516 enim
758 1475 885 1517 vnobis
919 1481 984 1516 est
1027 1489 1078 1516 ex
1105 1475 1243 1515 Boetii
1284 1475 1583 1529 philosophica

97 1616 262 1668 beluas,
298 1630 458 1670 eosque
491 1618 532 1658 in
566 1618 770 1658 malitiam
804 1630 952 1658 versos
982 1617 1210 1657 humanam
1245 1617 1438 1658 amittere
1465 1624 1584 1658 natu-

97 1700 200 1739 ram,
235 1702 330 1729 nam
367 1689 475 1730 sicut
508 1689 617 1729 ultra
661 1688 873 1729 hominem
907 1701 1176 1741 quemquam,
1222 1688 1458 1741 provehere
1493 1689 1586 1729 sola

98 1759 289 1813 probitas
334 1760 485 1813 possit,
531 1760 591 1800 ita
623 1772 804 1801 necesse
839 1766 904 1800 est
936 1766 981 1800 ut
1015 1772 1121 1811 quos
1166 1759 1220 1800 ab
1254 1759 1441 1799 humana
1487 1773 1585 1800 con-

100 1829 259 1871 ditione
293 1830 460 1882 deiecit,
495 1830 606 1871 infra
638 1831 821 1872 hominis
854 1830 1047 1872 meritum
1081 1830 1280 1871 detrudat
1313 1830 1582 1884 in-probitas.

101 1900 147 1942 Si
181 1902 293 1942 enim
326 1901 465 1953 homo,
499 1902 647 1955 inquit,
694 1901 834 1943 foedis
872 1901 1186 1954 immundisque
1222 1901 1469 1942 libidinibus
1510 1902 1583 1941 im-

100 1974 318 2026 mergitur,
338 1973 538 2015 sordidae
562 1973 648 2014 suis
672 1973 892 2027 voluptate
914 1973 1146 2023 detineturg
1172 1972 1217 2014 Si
1236 1972 1422 2014 avaricia
1445 1974 1585 2013 feruet

101 2043 336 2085 alienarum
369 2057 494 2098 opum
528 2044 740 2086 violentus
774 2050 957 2098 ereptor,
993 2044 1170 2085 similem
1203 2045 1303 2097 lupo
1333 2043 1503 2084 dixeris.
1541 2043 1586 2085 Si

100 2113 233 2165 ferOX,
262 2115 491 2167 inquietus,
524 2116 714 2169 linguam
736 2116 884 2169 litigiis
908 2123 949 2156 et
971 2116 1211 2157 maledictis
1239 2114 1446 2157 exercet‘.>
1481 2115 1586 2157 Cani

101 2185 219 2225 illum
240 2187 521 2239 comparabis.
558 2186 603 2227 si
622 2187 846 2228 insidiator
868 2187 1059 2228 occultus
1084 2187 1339 2240 surripuisse
1363 2186 1585 2228 fraudibus

102 2256 276 2309 gaudet,
310 2258 548 2311 vulpeculis
582 2264 826 2311 exequetur.
862 2257 907 2299 Si
939 2257 1120 2311 pavidus
1155 2264 1196 2298 et
1228 2257 1361 2311 fugax
1395 2271 1478 2299 non
1501 2272 1586 2300 me-

102 2327 263 2368 tuenda
294 2327 492 2369 formidet
526 2329 662 2370 cervis
697 2329 844 2370 similis
878 2329 1098 2371 habeatur.
1135 2329 1180 2370 Si
1214 2330 1359 2383 segnis
1383 2343 1433 2370 ac
1455 2329 1585 2383 stupi-

104 2396 183 2438 dus
216 2404 398 2452 torpeat,
432 2400 597 2440 asinum
625 2400 741 2441 vivit.
778 2400 822 2441 Si
845 2401 929 2441 vini
952 2401 1284 2454 intemperantia
1305 2414 1353 2441 ac
1379 2401 1586 2441 ebrietate

103 2469 313 2510 rationem
347 2470 498 2522 obruit,
533 2472 647 2512 omni
679 2471 809 2512 belua
832 2471 1017 2512 deterior
1040 2472 1262 2513 habeatur.
1297 2472 1362 2512 Ita
1384 2471 1428 2512 fit
1450 2478 1494 2512 ut
1518 2471 1588 2523 qui

104 2540 316 2593 probitate
351 2540 523 2583 deserta
555 2542 680 2583 homo
715 2556 811 2584 esse
846 2542 1033 2592 desierit,
1068 2556 1161 2583 cum
1194 2543 1236 2583 in
1270 2542 1455 2583 divinam
1490 2556 1587 2583 con-

106 2610 309 2653 ditionem
351 2613 532 2654 transire
577 2627 661 2655 non
706 2614 842 2667 possit
887 2620 1076 2654 vertatur
1120 2614 1161 2653 in
1207 2613 1391 2654 beluam.
1441 2612 1588 2663 Quid?

107 2681 220 2733 quod
251 2682 312 2723 illi
345 2683 415 2735 qui
448 2684 666 2725 ebrietatis
699 2684 908 2726 foeditate
942 2684 1077 2725 notati
1110 2684 1243 2725 semel
1281 2683 1449 2735 fuerint,
1484 2697 1588 2725 nun-

107 2765 232 2804 quam
266 2761 419 2808 postea
451 2755 493 2795 in
518 2756 738 2796 consilium
775 2756 1015 2809 sapientum
1038 2755 1254 2796 hominum
1278 2753 1590 2796 admittantur?

106 2836 186 2865 nec
219 2825 436 2878 quippiam
468 2826 551 2867 illis
585 2827 869 2871 committitur,
905 2825 1017 2879 quod
1050 2839 1075 2866 a
1100 2826 1278 2867 secretis
1303 2826 1366 2866 sit.
1400 2826 1452 2866 Et
1476 2825 1591 2878 quod

108 2906 261 2946 aquam
294 2896 542 2950 potantibus
575 2904 777 2950 tanquam
810 2899 851 2938 in
885 2898 1000 2938 nulla
1032 2911 1077 2938 re
1111 2897 1324 2951 suspectis
1351 2904 1440 2938 tuto
1474 2896 1590 2938 vide-
