1955 3278
313 623 382 656 450

314 982 382 1015 455

313 1340 382 1374 460

315 1700 382 1734 465

316 2058 384 2093 470

316 2416 384 2449 475

319 2774 387 2807 480

460 254 583 295 Hunc
616 254 741 296 Iosue
777 254 979 307 sequitur,
1015 254 1139 296 simili
1173 254 1394 309 preclarus
1426 255 1588 298 honore

464 325 636 368 Canisai
670 332 712 367 et
744 325 873 377 banfi,
908 326 1028 367 saevi
1061 325 1144 367 duo
1178 325 1358 367 fulmina
1389 327 1548 369 Martis.

462 398 597 439 Ursus
631 410 726 439 cum
758 396 928 438 bathori
960 397 1120 451 placuit
1153 397 1454 451 properantius
1487 398 1658 440 hastam

462 469 675 522 Rumpere
709 467 981 519 fllammatus,
1016 468 1148 510 veluti
1181 476 1455 511 concurreret
1488 470 1613 511 hosti.

462 540 628 581 Emicat
660 541 703 581 in
737 540 862 591 saltu⁷
897 553 1180 594 campumque
1214 541 1485 594 perambulat
1518 554 1687 583 omnem

461 612 509 653 In
545 625 670 653 cursu
703 625 816 653 nunc
838 610 973 653 flectit
996 625 1163 664 equum,
1198 625 1312 654 nunc
1334 612 1460 653 vertit
1481 613 1524 653 in
1547 626 1674 655 auras

462 684 553 725 Rex
587 683 821 725 admiratur
855 683 1046 734 comites,
1081 683 1336 736 equitesque
1369 684 1507 737 togati

462 756 661 808 Dumque
686 756 841 798 Ursum
864 754 1027 795 bellare
1051 754 1210 807 vident⁷
1234 768 1463 808 acremque
1486 755 1722 797 Bohemum

462 828 696 881 inposuere
730 826 901 867 modum
935 825 1059 877 ludis,
1095 826 1309 879 armisque
1342 827 1527 881 repostis

464 898 549 941 Ore
582 898 714 940 refert
746 898 920 953 proprio
958 897 1185 940 Gradivus.
1219 897 1399 952 suscipe
1432 898 1635 952 princeps

462 971 517 1012 Et
551 971 747 1024 clypeum
780 971 1036 1024 galeamque
1070 970 1192 1011 ferox
1224 969 1377 1010 fatalia
1410 970 1535 1011 dona.

462 1043 756 1095 Auratumque
791 1055 939 1083 ensem
972 1042 1095 1083 lateri
1129 1054 1337 1096 compone
1373 1041 1574 1095 superbo.

462 1114 554 1156 Hec
585 1114 713 1155 Turci
745 1114 823 1156 tibi
854 1127 990 1167 regna
1023 1113 1187 1155 dabunt
1221 1119 1263 1155 et
1297 1113 1468 1155 Cesaris
1502 1127 1633 1154 arma.

462 1186 573 1227 Vota
604 1186 718 1227 Iovis
752 1185 980 1239 divumque
1013 1192 1170 1227 vocant
1204 1192 1246 1226 et
1279 1185 1436 1239 sydera
1469 1185 1562 1228 celi.

463 1258 583 1299 Alter
615 1257 749 1306 Cesar
781 1257 879 1309 eris,
914 1257 1041 1298 simili
1073 1257 1352 1299 veneraberis
1384 1262 1514 1308 astro,

465 1330 655 1384 Captivis
688 1330 840 1371 iterum
874 1329 1022 1384 spoliis
1054 1334 1129 1370 tua
1160 1343 1296 1383 regna
1327 1329 1533 1380 fruentur,

462 1402 602 1443 Macte
636 1401 789 1443 animis
820 1401 983 1443 imitate
1017 1413 1149 1452 meos,
1182 1401 1346 1442 imitate
1378 1400 1565 1451 labores,

464 1472 545 1523 Qui
579 1473 700 1528 cupis
733 1473 917 1514 amissas
951 1480 1037 1514 tam
1070 1473 1201 1526 longo
1236 1477 1429 1526 tempore
1463 1471 1592 1514 sedes

464 1546 545 1587 Pro
579 1552 745 1587 certare
779 1545 876 1596 fide,
912 1550 954 1586 et
985 1545 1150 1586 Turcos
1184 1544 1401 1598 expellere
1433 1556 1568 1597 regno

464 1617 529 1658 Ad
561 1623 732 1659 veteres
765 1630 970 1659 concurre
1003 1616 1135 1668 locos,
1169 1615 1242 1657 ubi
1276 1615 1483 1669 Chrystus
1505 1626 1648 1663 amare

466 1688 677 1731 Sustinuit
698 1686 742 1742 (l)
774 1694 988 1729 tormenta
1011 1687 1162 1739 crucis,
1187 1687 1499 1740 commissaque
1522 1694 1671 1728 nostra

463 1760 657 1813 Pertulit,
691 1765 737 1801 ut
768 1759 952 1814 populos
984 1764 1158 1813 raperet
1190 1758 1244 1800 de
1277 1758 1476 1800 faucibus
1510 1757 1622 1799 Orci.

464 1833 510 1874 In
534 1845 659 1874 cruce
682 1831 936 1886 dependens
958 1831 1132 1872 nimium
1155 1836 1455 1884 transgressus
1479 1842 1670 1871 amorem

465 1906 614 1958 Agnus
648 1909 761 1955 avet7
797 1903 892 1944 sitio
926 1916 1021 1944 cum
1054 1902 1233 1953 dixerat,
1267 1902 1338 1942 ille
1373 1902 1555 1942 salutem

466 1975 677 2017 Gentibus
710 1975 889 2029 optabat
922 1974 1089 2015 miseris
1125 1979 1167 2015 et
1198 1986 1379 2014 noscere
1412 1986 1572 2014 verum.

466 2047 621 2089 Hortor
655 2046 773 2088 adire
807 2047 900 2089 vias
938 2052 980 2087 et
1012 2052 1156 2087 tantos
1189 2045 1302 2087 ferre
1335 2044 1520 2086 labores.

464 2119 706 2160 Extendam
739 2118 869 2160 vitam
904 2124 945 2159 et
977 2117 1074 2159 Pilii
1107 2117 1362 2158 donabimus
1396 2129 1547 2167 annos,

465 2190 760 2243 Troianosque
795 2190 888 2231 dies
920 2189 1175 2242 fumoseque
1208 2188 1323 2229 alitis
1356 2201 1522 2229 aevum.

465 2263 518 2303 Et
552 2262 587 2303 si
620 2275 728 2315 opus
760 2261 804 2303 id
836 2261 965 2302 fuerit
996 2261 1164 2315 Pyseas
1195 2260 1258 2302 ire
1293 2273 1369 2314 per
1401 2272 1499 2300 oras

466 2333 664 2375 Fortibus
697 2340 771 2374 aut
804 2333 921 2374 ausis
954 2332 1143 2386 Lybicas
1177 2336 1343 2372 tentare
1378 2331 1605 2385 palestras,

465 2406 808 2458 Isthmiacasque
841 2405 1010 2459 plagas⁷
1045 2410 1087 2445 et
1120 2404 1249 2445 duras
1282 2402 1454 2444 vincere
1487 2413 1641 2455 parcas

465 2478 544 2518 Vel
567 2478 681 2530 quod
704 2477 760 2518 ad
792 2476 1006 2518 Euboicos
1039 2476 1174 2518 velles
1206 2482 1436 2528 penetrare
1459 2485 1674 2524 recessus,

466 2549 550 2589 Aut
579 2562 708 2603 super
733 2548 943 2602 Hesperie
974 2547 1157 2600 migrare
1185 2552 1245 2587 tot
1275 2545 1450 2586 humida
1479 2544 1639 2598 Thyles

479 2621 630 2673 tegna,
664 2633 742 2674 per
774 2625 847 2660 aut
879 2618 1048 2672 gelidas
1082 2618 1204 2658 annis
1227 2617 1506 2671 vergentibus
1530 2621 1674 2656 arctos

468 2692 646 2733 Currere
679 2691 748 2733 vel
782 2697 947 2744 septem
980 2689 1092 2732 vada
1125 2689 1358 2742 caligantia
1390 2687 1476 2729 Nili

467 2762 698 2813 Prendere‚
734 2770 776 2804 et
809 2775 965 2815 argoas
999 2760 1142 2802 audax
1174 2760 1333 2801 inferre
1366 2759 1573 2810 Micenas,

467 2835 831 2886 Barbaricumque
866 2846 994 2887 super
1025 2833 1138 2873 latus
1172 2837 1214 2872 et
1246 2837 1307 2872 tot
1341 2829 1482 2871 Gallia
1514 2835 1644 2880 tecta,

468 2906 577 2947 ltala
609 2919 770 2960 perque
803 2911 958 2958 potens
992 2903 1230 2944 discurrere
1264 2902 1393 2942 milite
1426 2914 1574 2954 regna,
