1898 3278
1518 155 1585 188 101

152 294 355 330 Joannes
388 293 578 330 Camers
608 294 781 330 ordinis
820 294 1060 337 Minorum‚
1095 295 1264 330 artium
1298 295 1345 330 et
1377 304 1537 331 sacrae

104 358 389 405 Theologiae
433 358 592 395 doctor
634 358 1033 405 praestantissimo
1076 369 1128 394 ac
1173 358 1437 395 doctissimo
1474 359 1586 400 viro,

103 423 287 460 domino
316 423 537 469 magistro
579 423 812 469 Stephano
846 423 1101 459 Verbeucio
1134 423 1387 466 Pannonio,
1419 424 1587 472 inclyti

105 489 373 536 Hungariae
416 489 548 535 regni
590 489 851 525 Maiestatis
889 489 1043 525 locum
1081 489 1273 534 tenenti,
1315 491 1587 536 perpetuam

418 553 698 590 felicitatem
725 554 1001 600 depreeatur
1030 555 1076 589 et
1103 554 1271 600 optat.¹

222 700 229 707 .
249 701 256 708 .
276 701 282 708 .
300 667 395 707 Non
413 679 588 720 possum
604 679 687 706 non
706 665 950 706 meminisse
970 666 1120 706 saltem
1138 665 1288 718 paucis
1306 663 1587 706 Reverendis-

103 737 197 779 simi
240 737 419 780 Joannis
453 737 623 777 Domini
656 737 863 777 Turzonis
896 736 1244 777 Vratislaviensis
1278 736 1502 789 praesulis,
1537 748 1588 776 00

101 808 305 862 principis
328 808 615 858 illustrissimi,
652 808 722 860 qui
745 808 845 849 licet
874 807 1030 848 divinis
1062 807 1195 847 literis
1218 812 1452 859 noctesque
1476 806 1587 847 dies-

101 893 182 932 que
212 879 444 929 incumbat,
480 878 703 920 succisivis
726 884 870 919 tamen
893 878 1008 919 horis
1043 878 1304 920 Ciceronem,
1341 877 1587 928 Salustium,

101 950 278 1000 Livium,
326 949 548 1000 Senecam,
595 950 804 1003 Plynium,
851 950 1003 990 Aulum
1051 949 1245 998 Gellium,
1294 948 1586 999 Columellam,

100 1021 334 1074 Virgilium,
367 1021 603 1072 Lucanum,
637 1021 877 1074 Papinium,
912 1020 1145 1070 Horatium,
1167 1020 1434 1071 Juvenalem,
1464 1019 1586 1060 Clau-

101 1092 292 1143 dianum,
342 1092 455 1132 hunc
502 1091 639 1145 ipsum
689 1091 878 1132 Solinum
924 1098 1134 1142 nostrum,
1182 1104 1233 1132 ac
1278 1091 1403 1131 11111118
1450 1104 1588 1143 genus

100 1163 303 1204 authores
348 1162 454 1203 alios
500 1168 654 1204 tractat
700 1169 741 1203 et
773 1162 927 1215 relegit
960 1168 1173 1203 accurate.
1222 1162 1324 1202 Eius
1358 1161 1587 1215 peculiaris

101 1233 248 1274 audita
280 1239 444 1274 tantum
478 1233 624 1283 virtus,
661 1233 905 1274 humanitas
938 1233 1099 1287 passim
1128 1239 1243 1283 nota,
1277 1233 1453 1285 vulgata
1476 1232 1589 1273 circa

99 1305 272 1345 meritos
292 1303 593 1355 beneficentia,
612 1304 654 1344 in
679 1304 893 1345 studiosos
912 1304 1054 1344 multis
1073 1310 1275 1357 expertus
1295 1303 1429 1350 favor,
1448 1317 1514 1344 me
1533 1303 1588 1344 ad

98 1381 262 1416 tantum
277 1375 492 1427 talemque
514 1376 748 1430 principem
769 1375 1029 1429 diligendum
1050 1376 1198 1417 merito
1218 1376 1533 1430 compulerunt.
1552 1409 1558 1416 .
1579 1409 1586 1416 .

98 1447 194 1487 Non
227 1446 434 1487 absimilis
467 1447 509 1487 in
530 1447 633 1487 iisce
665 1447 817 1488 studiis
840 1460 1043 1500 germano
1078 1460 1154 1487 suo
1187 1446 1588 1488 Reverendissimus

100 1518 308 1559 Dominus
355 1518 598 1559 Stanislaus
644 1518 886 1572 Episcopus
934 1517 1267 1569 Olomutzensis,
1317 1518 1388 1570 qui
1427 1531 1589 1558 moram

99 1602 266 1630 omnem
282 1590 464 1643 periisse
482 1589 710 1640 existimat,
721 1603 830 1642 quae
846 1603 929 1631 non
947 1590 999 1630 sit
1014 1590 1137 1631 bonis
1151 1590 1285 1630 literis
1301 1589 1539 1630 destinata.
1556 1621 1564 1629 .
1581 1622 1587 1629 .

100 1660 316 1702 Similibus
331 1666 373 1701 10
393 1673 561 1713 quoque
583 1661 840 1701 lectionibus
862 1661 1121 1702 oblectatum
1144 1661 1272 1701 fidem
1296 1660 1459 1701 faciunt
1479 1660 1590 1701 111101·

98 1738 272 1773 0001010
303 1737 364 1772 101
385 1731 439 1772 011
473 1745 539 1773 1110
574 1731 704 1773 variis
728 1732 990 1786 temporibus
1025 1732 1211 1786 scriptae
1232 1732 1397 1781 literae,
1432 1731 1585 1783 quibus

99 1803 229 1843 animi
251 1802 312 1843 tui
336 1803 561 1855 integritas
589 1803 751 1856 ingenii
781 1803 968 1854 solertia,
996 1803 1203 1844 sermonis
1232 1804 1422 1853 comitas,
1446 1816 1586 1843 rerum

96 1873 370 1914 multifariam
407 1874 687 1927 experientia,
722 1874 894 1915 dicendi
927 1875 1137 1915 concinna
1161 1872 1358 1921 facilitas,
1383 1888 1409 1914 a
1436 1874 1585 1926 quovis

97 1944 364 1998 politioribus
399 1944 550 1985 studiis
582 1945 693 1986 bene
726 1945 919 1986 instituto
953 1946 1022 1986 vel
1055 1946 1187 1999 primo
1222 1952 1399 1999 aspectu
1435 1944 1585 1998 depre-

97 2015 309 2056 henditur.
333 2015 608 2057 Pannonicae
634 2016 810 2070 insuper
829 2016 1120 2057 institutiones
1138 2030 1163 2057 a
1180 2023 1222 2057 te
1242 2029 1377 2070 nuper
1395 2016 1520 2057 docte
1545 2023 1586 2056 et

99 2087 321 2139 eleganter
343 2086 514 2128 aeditae
532 2084 577 2140 (1)
601 2087 761 2140 legisse
785 2094 826 2128 te
851 2087 1079 2141 diligenter
1111 2088 1278 2129 nobiles
1302 2087 1519 2137 authores,
1542 2087 1586 2127 id

97 2163 163 2198 est
184 2157 298 2199 Juris
319 2158 481 2211 peritos
504 2158 741 2212 primarios,
776 2172 827 2200 ac
851 2159 1032 2212 optimos
1056 2159 1327 2199 historiarum
1355 2159 1586 2212 scriptores

97 2228 252 2270 efficax
269 2228 496 2282 perhibent
513 2229 814 2271 testimonium.
837 2229 973 2279 Quam
995 2230 1106 2271 bene
1125 2229 1328 2271 studiosis
1347 2230 1585 2271 consultum

96 2299 219 2350 foret,
244 2299 280 2341 si
301 2299 345 2340 id
367 2305 536 2354 tempus
560 2300 673 2353 quod
697 2301 810 2341 curis
833 2301 888 2342 ad
918 2314 1092 2354 regnum
1128 2301 1309 2342 maxime
1338 2300 1585 2355 pertinenti-

96 2370 176 2412 bus
200 2371 372 2412 assidue
397 2385 422 2412 a
441 2378 481 2412 te
507 2372 778 2425 impenditur,
809 2373 851 2413 111
875 2372 1147 2413 revolvendis
1175 2372 1298 2413 bonis
1321 2372 1584 2422 authoribus,

229 2520 238 2540 ¹
283 2522 455 2559 „Joannis
495 2522 671 2557 Camertis
709 2523 923 2563 Minoritani,
963 2524 1090 2556 artium
1130 2526 1166 2557 et
1197 2533 1320 2557 sacrae
1360 2523 1585 2567 Theologiae

97 2581 268 2622 doctoris,
294 2581 331 2615 in
367 2580 404 2616 O.
433 2581 521 2616 Julii
551 2581 665 2616 Solini
692 2581 909 2626 πολυίςτωρα
937 2583 1195 2617 enarrationes.
1238 2582 1395 2617 Additus
1422 2583 1586 2618 eiusdem

99 2639 276 2674 Camertis
316 2641 438 2681 index,
474 2644 549 2675 tum
588 2641 771 2676 literarum
811 2642 950 2682 ordine,
988 2645 1062 2675 tum
1090 2652 1206 2676 rerum
1238 2642 1451 2675 notabilium
1479 2642 1586 2685 eopia

96 2700 376 2742 percommodus
404 2700 591 2734 studiosis.
623 2700 712 2734 Cum
740 2702 856 2745 gratia
875 2704 911 2735 et
928 2702 1119 2746 privilegio
1147 2701 1358 2745 Ilnperiali.“
1390 2699 1518 2745 Vegen
1543 2712 1584 2735 az

97 2757 207 2792 Index
235 2759 347 2793 elo'tt:
396 2759 599 2801 „Excusum
627 2763 683 2793 est
709 2760 779 2794 hoc
807 2771 900 2804 opus
929 2760 1153 2794 Solinianum
1181 2771 1261 2794 cum
1296 2761 1585 2795 enarrationibus

98 2818 235 2861 egregii
262 2828 386 2852 sacrae
415 2819 627 2862 theologiae
655 2821 816 2854 doctoris
854 2820 1011 2854 ι100111118
1040 2820 1216 2854 Camertis
1243 2820 1458 2862 Minoritani,
1492 2830 1585 2854 anno

96 2876 296 2911 nativitatis
316 2877 451 2911 domini
475 2878 518 2911 M.
535 2878 577 2912 D.
594 2879 670 2912 XX.
690 2879 852 2913 Viennae
871 2880 1042 2914 Austriae
1062 2890 1126 2922 per
1143 2880 1324 2914 Joannem
1344 2879 1584 2923 Singrenium‚

96 2934 271 2978 impensis
297 2936 444 2971 honesti
470 2938 590 2972 Lucae
616 2939 784 2981 Alantse,
812 2939 901 2973 civis
929 2942 965 2973 et
992 2939 1220 2982 Bibliopolae
1248 2939 1498 2973 Viennensis.“
