1919 3273
1474 127 1545 160 465

205 268 300 309 Rite
333 268 460 310 deum
492 275 592 310 nate
626 269 829 322 auspiciis
863 274 904 309 et
937 268 1134 322 Apolline
1169 269 1317 311 dextro

267 339 457 392 Utraque
490 352 674 392 namque
707 339 832 380 huius
864 352 1041 380 munera
1074 340 1190 381 solus
1222 340 1374 382 habes,

204 409 401 451 Veridico
436 410 634 462 antiquos
668 423 842 451 ornares
875 411 1045 452 numine
1079 412 1288 465 Delphos,

265 480 460 522 Carmine
493 480 698 522 Parnassi
728 480 1010 535 praeficerere
1044 481 1167 535 iugis.

55 630 114 675 In
144 632 303 688 Reyem
328 632 377 675 in
406 632 590 675 eiusdem
618 634 910 676 Referemus&
938 634 995 676 D.
1026 634 1344 689 Arehz'effl’scoffl‘
1365 635 1542 679 aedibus

589 719 676 746 sese
709 706 1008 747 obarmcmtem.

204 799 448 852 Purpureos
482 800 593 841 inter
625 814 826 854 proceres
859 801 1091 855 populique
1126 808 1323 844 catervas

261 870 377 910 Inter
409 877 450 911 et
483 879 669 912 armatos
703 872 874 925 agmina
906 872 1021 913 loeta
1054 873 1200 926 duces7

204 940 307 982 Cum
331 954 561 994 sequerere
580 943 708 983 armis
730 942 966 995 fulgentem
991 957 1013 984 e
1036 944 1195 985 vertice
1228 945 1390 999 Regem

260 1012 397 1053 Lucet
429 1018 474 1053 ut
506 1013 715 1065 Aegiochi
746 1013 909 1054 fulmen
943 1014 995 1055 ab
1030 1028 1128 1055 arce
1162 1016 1287 1058 Iovis.

201 1082 304 1124 Visa
336 1083 438 1124 mihi
470 1084 636 1125 Heroas
670 1098 853 1137 aequum
886 1093 952 1126 est
985 1098 1239 1139 componere
1274 1087 1381 1129 divis

261 1154 364 1195 Visa
395 1154 497 1195 mihi
529 1154 706 1195 Martem
741 1161 806 1195 est
837 1155 978 1196 Attica
1011 1155 1109 1197 diva
1143 1158 1274 1209 sequi.

201 1225 322 1266 Tunc
355 1225 454 1277 dixi,
494 1225 619 1267 modo
651 1226 862 1267 Pannonii
895 1234 1066 1280 sperate
1100 1228 1305 1279 secunda,

258 1296 372 1337 Mars
406 1309 501 1337 cum
532 1296 728 1338 Palladio
761 1297 931 1338 numine
966 1297 1115 1338 dexter
1148 1299 1284 1340 adest.

647 1450 719 1500 Ad
751 1451 942 1492 eundem.

201 1545 326 1595 Quod
360 1545 544 1587 Salcane
577 1545 685 1585 facis
718 1558 880 1597 verSUS,
915 1546 1025 1587 bene
1056 1547 1244 1588 consulis
1266 1547 1393 1599 idem,

257 1616 368 1657 Illud
398 1616 534 1657 habes
567 1616 743 1666 Phoebi,
777 1616 981 1657 Pallados
1014 1617 1128 1658 istud
1160 1618 1309 1660 habes,

200 1687 324 1736 Quod
357 1687 501 1729 divina
526 1688 643 1740 loqui
672 1687 834 1739 solitus,
869 1687 982 1740 quod
1008 1694 1181 1741 pectore
1210 1689 1308 1730 forti
1337 1703 1397 1743 es,

255 1759 436 1800 Rursum
468 1759 573 1800 illud
604 1759 782 1809 Phoebi,
814 1758 1017 1799 Pallados
1049 1759 1165 1799 istud
1196 1760 1346 1803 habes.

200 1829 380 1879 Quando
414 1830 585 1883 quidem
608 1830 789 1884 propriis
821 1829 892 1870 Dii
914 1836 955 1870 te
978 1829 1202 1871 virtutibus
1226 1838 1389 1884 ornant,

258 1901 397 1956 Supra
418 1901 634 1943 hominem
658 1901 806 1942 merito
830 1906 908 1951 est,
933 1899 1047 1953 quod
1070 1902 1200 1955 sapis,
1226 1908 1353 1955 atque
1376 1902 1497 1945 facis.

538 2054 813 2096 Tormentum
848 2054 1049 2096 bellicam.

196 2148 392 2190 Fulmina
424 2163 519 2190 cum
552 2149 715 2190 faceret
746 2149 962 2190 Vulcanus
996 2163 1127 2191 saeva
1158 2151 1336 2202 tonanti,

257 2219 441 2262 Salcano
473 2220 576 2262 fecit
608 2220 801 2274 proxima
833 2221 920 2261 tela
954 2234 1042 2262 suo.

726 2374 777 2415 L.
814 2374 855 2415 S.

197 2456 301 2507 Quis
333 2464 464 2511 neget
496 2472 522 2499 a
553 2458 665 2499 flava
697 2465 738 2498 te
771 2457 949 2498 Pallade
983 2470 1152 2510 semper
1183 2457 1350 2498 amari?

256 2528 359 2570 Cum
382 2529 491 2570 facis
513 2529 739 2580 Aeacides
759 2542 853 2570 cum
877 2528 982 2569 dicis
1003 2528 1175 2569 haberis
1198 2529 1389 2582 Ulysses.

578 2681 789 2723 Salamas
830 2680 998 2722 Ursino.

193 2777 346 2819 Vivere
378 2778 599 2820 nobiscum
635 2778 671 2818 si
701 2777 765 2818 vis
799 2777 952 2818 Ursine
984 2777 1140 2823 venito,

252 2848 373 2890 Mens
406 2862 502 2890 mea
532 2848 712 2890 fortunis
745 2848 818 2889 fiet
851 2847 987 2889 amica
1019 2847 1114 2888 tuis.

118 2987 149 3013 E.
170 2979 265 3014 Ᾱεειε
287 2988 448 3014 ANALECTA
467 2996 555 3014 nova.
1341 2976 1384 3009 30
