1898 3278
285 122 333 154 48

288 270 356 305 tus
390 277 487 304 csse
521 263 651 304 debet
681 269 890 314 utranque
913 262 972 303 ita
995 263 1037 303 in
1061 263 1293 304 serenitate
1317 268 1389 304 tua
1416 263 1628 305 excellere
1660 263 1776 304 novi-

288 348 393 384 mus,
418 335 459 375 in
484 334 701 375 veteribus
726 340 767 374 et
790 333 1023 375 iunioribus
1047 334 1310 388 principibus
1328 333 1639 386 illustrissimis,
1664 334 1777 387 quod

288 406 329 446 in
362 392 595 447 Herodiani
627 405 898 458 praefatione
932 404 1225 456 discussimus,
1259 405 1349 446 iure
1374 405 1537 446 debeas
1559 405 1775 447 anteferri.

288 477 352 517 Ex
384 477 549 517 ratione
583 476 796 530 sapientia
828 477 1035 529 provenit,
1070 489 1181 528 quae
1215 490 1310 517 cum
1344 483 1416 517 aut
1449 476 1491 517 in
1512 476 1681 518 actione
1704 482 1777 517 aut

287 548 329 588 in
364 547 723 601 contemplatione
757 554 963 598 versetur,
1006 554 1049 587 tu
1083 547 1142 588 ita
1174 554 1396 600 utramque
1433 548 1681 602 complexus
1715 560 1775 597 es,

287 625 333 660 ut
364 618 653 659 Alexandrum
688 618 892 671 gentilem
925 624 1055 669 tuum,
1101 624 1146 658 ut
1183 618 1284 660 alibi
1317 618 1595 670 ostendimus,
1642 619 1777 660 ciuius

287 690 684 744 magnanimitatem
719 696 761 730 et
794 689 972 742 gloriam
1006 703 1031 730 a
1054 690 1236 743 pueritia
1260 703 1430 744 semper
1452 690 1659 731 aemulari
1680 702 1778 731 con-

288 761 477 805 tendisti,
513 774 699 813 aequare
733 767 775 801 et
808 774 1012 814 superare
1045 760 1245 802 videaris.
1280 760 1486 802 Nimirum
1519 767 1560 802 te
1593 760 1653 801 illi
1680 773 1778 802 con-

289 833 468 874 similem
502 839 655 873 natura
686 832 817 872 finxit.
853 832 1027 873 Statura
1060 845 1247 884 namque
1282 833 1470 886 corporis
1492 832 1658 885 utrique
1692 845 1778 872 me-

287 903 457 953 diocris,
492 904 690 957 speciosa
722 903 914 944 membra
941 903 1095 943 eximia
1127 903 1277 954 forma,
1301 903 1427 944 tereti
1457 902 1647 954 brachio,
1680 902 1778 943 latis

288 974 488 1024 humeris,
522 975 687 1028 patenti
710 980 897 1027 pectore,
932 973 1143 1015 obductus
1165 974 1418 1029 superciliis,
1444 974 1545 1016 item
1568 974 1778 1016 venustis-

288 1046 397 1087 sima
428 1046 578 1095 facies,
615 1045 830 1098 subnigris
864 1045 998 1086 oculis
1031 1058 1081 1086 ac
1101 1045 1235 1087 libere
1268 1045 1532 1086 intuentibus
1565 1050 1716 1086 ornata
1735 1045 1778 1086 in

288 1117 424 1158 leonis
450 1117 652 1170 speciem,
677 1129 730 1157 ex
752 1116 969 1158 oculorum
990 1116 1261 1158 lineamentis
1281 1122 1322 1158 et
1338 1117 1515 1158 lenitate
1534 1115 1778 1158 Alexandro

286 1188 530 1242 persimilis,
564 1188 796 1229 formosum
831 1188 1016 1241 denique
1050 1201 1205 1242 corpus
1236 1201 1287 1229 ac
1319 1187 1433 1229 omni
1466 1201 1519 1229 ex
1550 1193 1672 1242 parte
1706 1186 1779 1228 de-

289 1273 406 1311 cens,
441 1260 507 1300 cui
541 1260 656 1301 color
686 1259 810 1300 albus
844 1272 981 1312 aeque
1015 1272 1067 1300 ac
1088 1259 1149 1300 illi
1182 1273 1276 1300 cum
1299 1259 1452 1300 rubore
1475 1265 1605 1312 atque
1624 1259 1779 1312 ingens

289 1345 315 1371 a
346 1331 566 1372 iuventute
602 1331 813 1372 celeritas.
858 1330 1072 1384 Aspectus
1107 1336 1249 1372 autem
1282 1344 1417 1383 usque
1457 1330 1567 1372 adeo
1601 1342 1779 1372 serenus

289 1409 332 1443 et
375 1409 538 1456 gratus,
585 1408 629 1442 ut
674 1416 758 1443 non
805 1402 897 1443 sine
943 1401 1152 1455 dignitate
1186 1416 1237 1444 ac
1280 1407 1484 1456 pergrata
1516 1401 1778 1442 humanitate

288 1473 501 1515 adeuntes
536 1474 677 1515 statim
711 1473 753 1513 in
786 1486 973 1514 amorem
996 1473 1171 1525 alliciat,
1196 1473 1467 1526 omniumque
1491 1478 1779 1528 spectatorum

288 1545 380 1587 solo
414 1545 563 1586 obtutu
596 1545 778 1598 gratiam
812 1544 893 1585 sibi
926 1544 1138 1586 conciliet.
1172 1544 1343 1586 Pectori
1363 1545 1572 1586 immensa
1604 1556 1780 1597 magna-

288 1617 459 1657 nimitas
494 1630 588 1657 cum
621 1616 786 1669 ingenti
818 1616 981 1669 gloriae
1017 1615 1250 1670 cupiditate
1285 1617 1526 1667 coniuncta,
1560 1615 1661 1656 item
1687 1621 1780 1655 tan-

288 1694 376 1728 tum
410 1687 574 1729 roboris
608 1694 650 1728 et
682 1687 864 1739 virtutis,
899 1695 945 1728 ut
977 1701 1117 1740 neque
1142 1688 1271 1728 animi
1291 1701 1431 1741 neque
1452 1687 1641 1741 corporis
1661 1686 1779 1727 labo-

287 1759 406 1800 ribus
441 1759 635 1813 superari
667 1759 817 1813 possit.
864 1759 1043 1801 Accedit
1083 1772 1248 1800 summa
1280 1759 1553 1801 scientiarum
1594 1757 1779 1799 omnium

288 1831 476 1884 cognitio
522 1831 632 1872 adeo
679 1837 846 1882 exacta,
893 1837 937 1871 ut
970 1831 1061 1872 sive
1107 1831 1160 1872 de
1195 1830 1337 1872 divino
1371 1836 1413 1872 et
1444 1830 1630 1870 humano
1674 1829 1779 1879 iure,

291 1902 381 1943 sive
415 1901 467 1943 de
503 1902 763 1943 coelestibus
808 1902 1115 1943 mortalibusve
1148 1901 1277 1942 rebus
1322 1901 1559 1942 disseratur
1593 1899 1644 1940 de
1679 1912 1779 1952 quo-

291 1987 373 2026 que
420 1973 742 2027 disciplinarum
788 1986 948 2026 genere
993 1973 1135 2027 possis
1182 1979 1307 2014 acute
1341 1978 1383 2013 et
1415 1971 1650 2026 composite
1697 1970 1780 2012 dis-

290 2050 454 2099 putare.
488 2043 735 2085 Alexander
762 2044 991 2085 Homerum
1027 2043 1358 2085 commilitonem
1389 2043 1593 2090 habebat,
1629 2048 1776 2084 contra

289 2122 335 2156 tu
368 2129 493 2157 sacra
526 2129 620 2156 cum
653 2115 884 2156 Aristotele
917 2121 1205 2156 monumenta.
1242 2114 1276 2154 s)
1300 2128 1387 2156 rem
1412 2128 1577 2156 summa
1597 2113 1779 2155 admira-

290 2187 449 2228 tionem
476 2186 786 2240 dignissimam,
805 2186 921 2227 nullo
945 2186 1047 2227 belli
1068 2186 1219 2227 ardore
1242 2186 1358 2227 nullo
1379 2185 1565 2227 hostium
1585 2184 1778 2233 tumultu,

289 2258 407 2299 nulla
441 2257 625 2310 denique
659 2257 770 2298 mole
793 2271 933 2298 rerum
967 2257 1253 2311 gerendarum
1274 2271 1299 2298 a
1323 2256 1606 2298 sanctissimis
1638 2255 1779 2296 litera-

289 2343 380 2370 rum
405 2328 556 2370 studiis
585 2326 764 2369 alienari
793 2329 995 2383 potuisse.
1030 2328 1172 2382 Auget
1206 2328 1335 2369 etiam
1366 2327 1472 2369 illud
1505 2326 1778 2381 splendorem

291 2400 530 2441 maiestatis
577 2406 619 2440 et
665 2401 952 2453 spectantium
998 2399 1338 2450 admirationem,
1386 2398 1499 2451 quod
1544 2407 1585 2439 et
1617 2397 1778 2451 regiam

289 2472 407 2512 illam
459 2471 871 2523 magnanimitatem,
922 2471 1197 2524 sapientiam,
1253 2469 1564 2519 celsitudinem,
1616 2468 1779 2522 magni-

289 2542 518 2593 ficentiam,
555 2541 687 2583 decus
721 2543 986 2596 gloriamque
1020 2548 1134 2582 tuam
1168 2554 1253 2582 non
1287 2541 1502 2595 superbia,
1536 2553 1620 2581 non
1650 2539 1779 2580 animi

291 2614 435 2665 ela-tio,
487 2627 571 2655 nou
625 2613 859 2654 difficultas
907 2613 1063 2663 aditus,
1117 2625 1201 2654 non
1250 2611 1474 2654 custodum
1525 2611 1778 2665 improbitus

292 2685 438 2736 ambit,
463 2686 540 2727 sed
564 2693 685 2727 tanta
704 2684 1003 2734 mansuetudo,
1025 2683 1271 2737 benignitas
1295 2690 1336 2724 et
1355 2682 1582 2725 clementia
1604 2682 1779 2724 circum-

292 2757 408 2797 venit
442 2764 484 2798 ut
517 2771 642 2798 nemo
688 2757 1003 2798 sanctissimam
1049 2755 1318 2796 maiestatem
1350 2760 1465 2795 tuam
1499 2753 1664 2803 adierit,
1708 2752 1780 2805 qui

292 2841 377 2868 non
422 2828 546 2870 modo
591 2829 743 2881 gratia,
790 2827 867 2869 sed
912 2827 1002 2868 solo
1048 2833 1226 2880 aspectu
1271 2839 1317 2867 se
1351 2838 1434 2866 non
1479 2824 1652 2865 beatum
1684 2836 1778 2878 pro-

295 2898 474 2940 fiteatur.
511 2899 615 2948 Quis
647 2898 948 2940 liberalitatem
981 2897 1285 2951 profusamque
1319 2895 1651 2937 munificentiam
1674 2894 1779 2936 satis
