1919 3273
331 114 399 146 414

378 302 453 337 Ad
479 300 785 348 Magnificum
813 302 858 336 et
889 301 1344 338 Excellentissimum
1370 303 1522 340 virum
1551 304 1775 340 Ioannem

332 367 675 403 Fusemannum
700 365 859 402 Iacobi
885 366 1070 403 Pisonis
1095 367 1261 414 Elegia
1286 379 1342 405 ex
1367 368 1745 405 Hectratostieho
1773 368 1823 413 (Ξ),

376 1197 419 1230 10

379 1554 421 1586 15

893 445 968 487 (fol.
998 447 1261 487 1362-13610.)

479 544 626 597 Nuper
657 543 730 585 ubi
762 543 891 584 variis
925 543 1110 584 animum
1145 544 1386 586 subducere
1422 545 1532 586 curis

538 614 754 665 Collibuit‚
788 614 980 667 requiem
1014 615 1213 668 quodque
1248 617 1436 670 reposcit
1469 629 1591 670 opus,

476 686 613 727 Fessa
647 686 790 739 sopori
822 685 913 726 fero
949 686 1195 727 sternebam
1229 687 1420 728 membra
1452 687 1634 740 grabato

536 757 703 810 Exigua
736 756 914 810 cupiens
948 757 1023 797 illa
1055 770 1213 798 novare
1248 771 1378 799 mora.

476 828 581 870 hide
614 828 862 882 vaporantis
897 828 1106 869 stomachi
1139 842 1205 869 me
1240 842 1342 870 cura
1375 829 1587 883 profundo

537 899 754 940 Demersit
787 912 936 940 somno
970 900 1137 940 somnia
1168 899 1282 941 falsa
1314 913 1506 942 movens.

478 971 632 1021 Qualia
664 983 741 1025 per
772 970 908 1012 visum
942 970 1080 1012 ventri
1113 970 1326 1012 distentus
1360 971 1481 1013 obesi

538 1043 713 1084 Sumine
746 1042 816 1083 vel
848 1047 1008 1082 temeto
1041 1043 1195 1096 plenus
1229 1042 1391 1084 habere
1427 1043 1548 1084 solet.

477 1116 560 1155 Aut
592 1120 636 1154 ut
669 1127 833 1164 amans,
867 1113 1038 1166 placide
1072 1114 1143 1166 qui
1175 1114 1318 1155 lactea
1351 1114 1462 1155 colla
1494 1114 1678 1168 puellae,

538 1186 675 1235 Quam
708 1185 811 1237 vigil
845 1184 1020 1236 axarsit,
1054 1185 1138 1225 iam
1171 1185 1369 1239 tetigisse
1401 1192 1537 1239 putat,

477 1257 547 1299 Sic
580 1256 834 1311 Epialtheas
858 1253 902 1308 (1)
936 1269 1050 1297 nova
1082 1270 1159 1309 per
1180 1257 1488 1310 phantasmata
1520 1256 1680 1298 formas

540 1328 762 1381 Semivigil
794 1327 929 1368 fertur
963 1340 1095 1381 saepe
1130 1328 1278 1369 timere
1313 1329 1445 1381 quies.

480 1400 567 1441 Sed
592 1399 775 1440 mediam
796 1404 1025 1452 postquam
1048 1400 1317 1453 peragebant
1341 1400 1484 1441 sidera
1505 1407 1688 1449 noctemff

538 1472 591 1512 Et
624 1470 856 1511 matutinus
889 1469 1065 1511 Lucifer
1097 1477 1212 1512 ortus
1248 1478 1352 1522 erat,

477 1543 567 1584 Iam
600 1543 736 1583 minor
768 1542 812 1582 in
846 1554 992 1582 crasso
1024 1542 1235 1595 regnabat
1269 1556 1445 1596 corpore
1478 1542 1612 1583 moles

536 1614 664 1655 Liber
697 1619 738 1654 et
772 1611 939 1665 occepit
974 1612 1146 1665 spiritus
1180 1626 1278 1654 esse
1312 1614 1464 1667 magis,

476 1686 603 1726 Visus
637 1698 754 1725 eram
786 1695 942 1735 magno
977 1683 1168 1736 Tegeaci
1200 1685 1370 1725 numine
1403 1684 1535 1725 Panis

535 1757 600 1798 Ad
635 1769 759 1797 sacra
789 1753 1021 1808 Pyeridum
1054 1755 1248 1808 protinus
1283 1762 1407 1796 antra
1438 1755 1544 1809 rapi.

476 1829 555 1870 Hic
588 1828 737 1882 procul
770 1831 965 1867 errantes
1001 1825 1169 1867 diverso
1203 1840 1299 1868 rure
1333 1827 1502 1880 puellas

536 1899 632 1940 Vidi
665 1905 707 1940 et
740 1898 906 1940 occulto
941 1899 1113 1941 saucius
1145 1899 1246 1951 igne
1280 1898 1353 1940 fui.

475 1972 567 2012 Huc
594 1985 661 2012 me
690 1971 968 2025 praecipitem
1000 1970 1096 2022 (sed
1120 1983 1204 2011 non
1227 1969 1330 2010 mihi
1358 1969 1492 2011 verba
1520 1968 1681 2010 licebat

535 2043 655 2083 Pana
688 2042 957 2096 perhorrenti
990 2039 1187 2095 fundere)
1221 2040 1348 2081 traxit
1381 2053 1512 2081 amor.

477 2114 661 2168 saepius
696 2120 739 2154 at
770 2113 902 2154 tacito
937 2127 1104 2154 mecum
1139 2112 1217 2154 sub
1251 2118 1427 2166 pectore
1461 2111 1547 2152 dixi

533 2185 600 2225 Ah
633 2184 808 2238 propius
841 2190 1033 2226 nostrum
1068 2184 1104 2225 si
1135 2184 1227 2225 fore
1260 2188 1411 2237 posset
1442 2182 1548 2224 iter!

474 2257 592 2298 Haec
614 2256 687 2297 ubi
710 2269 775 2296 me
797 2256 1000 2297 Phoebus
1025 2260 1142 2309 (113111
1165 2254 1374 2308 conspicit
1398 2251 1556 2307 omnia)
1578 2253 1729 2308 pernix

533 2328 748 2368 Affectare
782 2327 912 2377 videt,
948 2333 1116 2368 vertere
1149 2332 1272 2379 terga
1306 2326 1435 2379 cupit,

474 2400 626 2452 Meque
650 2411 769 2439 mora
790 2398 910 2439 ludit.
947 2398 1059 2447 Quid
1093 2398 1205 2439 enim
1232 2397 1314 2437 nisi
1334 2396 1460 2437 ludus
1485 2401 1527 2437 et
1550 2409 1673 2437 0111110

533 2470 784 2512 Ludibrium
818 2470 987 2524 superis
1021 2483 1119 2510 esse
1151 2475 1327 2523 putatur
1360 2468 1512 2509 homo!

476 2542 594 2584 Sicut
627 2542 738 2583 enim
770 2541 968 2583 manibus
1003 2541 1142 2582 subito
1174 2541 1263 2594 pila
1294 2546 1407 2581 torta
1426 2539 1644 2593 magistris

534 2614 685 2654 Fertur
715 2613 758 2653 in
791 2613 1009 2654 excelsum
1041 2626 1138 2653 mox
1170 2612 1332 2652 ruitura
1363 2616 1522 2661 tamen,

477 2685 546 2726 Sic
578 2691 683 2725 nutu
715 2684 887 2725 fortuna
920 2697 996 2724 suo
1029 2683 1274 2724 ioculariter
1306 2689 1423 2724 astra

533 2756 733 2809 Tangere
767 2768 845 2796 nos
877 2755 1016 2805 mittit,
1051 2754 1397 2808 praecipitesque
1431 2758 1554 2794 rotat.

473 2828 564 2868 Hoc
596 2840 663 2868 me
695 2826 935 2868 ferventem
967 2825 1090 2866 nimis
1122 2825 1437 2867 inflammanter
1469 2837 1613 2865 amore

533 2898 711 2939 Talibus
744 2897 912 2952 occepit
944 2897 1147 2938 Phoebus
1181 2896 1299 2938 adire
1333 2895 1496 2937 modis:
