1919 3273
335 120 404 152 450

335 263 464 303 riolos
497 261 650 315 raptim
685 261 897 314 congessi.
930 261 1022 302 Hoc
1051 275 1181 302 unum
1204 260 1411 302 bonarum
1433 261 1649 302 literarum
1684 261 1826 302 candi-

336 335 460 375 datos
494 333 770 374 admonuisse
804 332 945 384 velim,
980 345 1026 373 se
1060 333 1284 386 plurimum
1319 332 1458 373 bonae
1490 332 1627 385 frugis
1661 345 1713 374 ex
1745 332 1826 374 hiis

335 405 492 447 nostris
541 403 928 457 (quantaecunque,
964 401 1063 457 sint)
1110 403 1500 445 lucubraciunculis
1547 410 1827 458 percepturos

335 489 447 528 esse,
483 476 637 528 quibus
670 475 859 528 lllyriam
894 488 1076 525 omnem,
1122 475 1223 516 item
1257 488 1350 516 cum
1384 475 1562 516 Boemia
1594 475 1824 516 Moraviam

334 548 502 589 nativos
555 552 738 601 penates
792 551 975 598 nostros,
1030 546 1216 599 denique
1269 552 1492 599 utramque
1545 546 1826 598 Pannoniam,

334 618 597 671 totidemque
642 618 844 669 Moesias,
890 624 1108 671 postremo
1142 617 1511 659 Transsilvaniam
1555 617 1693 671 ipsam
1727 618 1826 659 coli-

333 689 532 730 mitaneis
578 703 671 731 cum
705 689 937 743 provinciis
970 690 1119 730 maiori
1160 702 1212 729 ex
1244 695 1365 743 parte
1400 702 1425 729 a
1457 689 1580 730 nobis
1613 695 1700 730 tum
1733 704 1825 743 per-

334 761 509 815 agratis,
542 768 631 802 tum
665 761 926 802 collustratis
960 761 1130 801 oculato
1163 760 1824 814 testimonio...descripsimus

335 867 343 875 .
376 867 384 874 .
417 833 616 875 ‚Valet0.
650 832 843 874 Aedibus
877 832 1048 873 nostris.
1094 831 1233 873 Albae
1264 832 1407 874 Juliae
1441 832 1577 886 pridie
1609 832 1826 874 Nonarum

333 904 484 946 Martii.
519 905 642 945 Anno
676 905 862 957 graciae.
897 903 949 944 M.
968 903 1019 943 D.
1040 902 1155 944 XIX.

333 1112 529 1160 Georgio
552 1113 790 1149 Thabiasii
810 1112 1121 1160 Transylvani
1147 1113 1462 1149 Decastiohon
1482 1113 1540 1149 ad
1558 1112 1825 1150 Lectorem.¹

481 1224 672 1265 Annales
704 1224 871 1278 patriae
905 1222 1034 1264 Ianus
1068 1223 1167 1264 dum
1202 1224 1347 1265 condit
1380 1229 1565 1272 amatae,

538 1295 861 1348 Flebilibusque
895 1295 1002 1348 ligat
1036 1295 1225 1337 carmina
1258 1296 1385 1337 docta
1418 1294 1569 1347 modis,

480 1367 534 1408 Et
567 1380 803 1421 conspersa
834 1367 940 1408 iocis
975 1367 1288 1421 epigrammata
1320 1373 1437 1408 tersa
1469 1367 1638 1418 facetis,

540 1438 682 1490 Ludit,
718 1439 948 1492 scriptores
980 1438 1107 1479 vertit
1140 1444 1182 1479 et
1214 1438 1427 1490 Inachios,

481 1510 593 1551 Dum
617 1509 733 1551 canit
756 1516 798 1550 et
820 1509 988 1561 laudes,
1014 1510 1138 1550 simul
1160 1509 1335 1551 horrida
1357 1510 1473 1551 bella
1495 1510 1679 1552 virorum

542 1581 761 1623 Clarorum
794 1594 908 1621 mors
941 1581 1051 1621 haec
1082 1585 1167 1621 tam
1202 1581 1319 1622 bona
1350 1581 1484 1622 multa
1516 1581 1620 1622 tulit.

480 1653 576 1694 Non
596 1666 723 1706 mage
747 1652 949 1693 dilectum
971 1652 1122 1693 Thetis
1150 1653 1311 1706 optima
1332 1653 1438 1693 luxit
1457 1653 1682 1703 Achillem,

539 1725 784 1766 Moerentes
817 1724 993 1765 fratrem
1027 1737 1107 1765 nec
1140 1724 1526 1775 Phaethontiades,

480 1796 625 1837 Patria
659 1808 785 1848 quam
818 1795 966 1835 Ianum
1001 1794 1176 1836 deflevit
1208 1801 1375 1837 moesta
1406 1800 1592 1850 poetam,

539 1867 646 1908 Vate
681 1873 824 1908 tamen
857 1866 975 1907 facta
1008 1872 1074 1907 est
1106 1867 1246 1920 patria
1278 1867 1395 1908 clara
1428 1880 1519 1908 suo.

367 2077 556 2124 Georgii
584 2076 846 2113 Thabiassii
881 2075 1191 2123 Transylvani
1222 2075 1280 2112 ad
1304 2075 1516 2111 libellum
1548 2075 1789 2112 Phalaeici

862 2141 1269 2187 Hendecasyllabi.
1279 2142 1292 2161 2

592 2247 735 2298 Prodi,
769 2260 901 2300 parve
934 2246 1094 2296 libelle,
1127 2245 1228 2298 quid
1260 2243 1475 2286 moraris?

592 2317 703 2367 Quid
735 2319 874 2359 lucem
907 2316 1107 2370 refugis?
1142 2317 1246 2358 satis
1280 2329 1494 2370 superque

591 2390 746 2441 Mures,
780 2389 1000 2443 phymata,
1036 2388 1325 2441 stridulosque
1359 2388 1520 2441 gryllos

591 2460 767 2512 Pavisti,
803 2460 908 2500 satis
941 2466 983 2500 et
1017 2459 1088 2500 diu
1121 2459 1310 2500 tenebris

590 2532 769 2584 Luxisti,
806 2531 963 2572 domini
997 2544 1168 2572 manum
1203 2543 1445 2584 supremam

590 2604 852 2657 Expectans,
887 2602 1000 2642 mala
1034 2601 1207 2642 casibus
1239 2607 1418 2655 repente

453 2730 460 2749 ¹
488 2731 596 2765 Ianus
623 2730 909 2764 Pannoniusnak
935 2730 1169 2764 Marcellusra
1194 2730 1240 2763 irt
1276 2728 1620 2774 panegyricusanak
1653 2729 1821 2770 1522-iki‚

331 2790 504 2835 bolognai
530 2789 758 2824 kiadasanak
785 2788 947 2834 elejero'l.

450 2849 462 2868 2
489 2850 596 2883 Ianus
624 2848 834 2883 Pannonius
862 2849 1000 2883 tizenot
1027 2848 1261 2893 elegiajanak
1289 2848 1458 2889 1522-iki,
1496 2847 1672 2891 bolognai
1696 2847 1820 2882 kiada-

331 2909 445 2943 Sanak
470 2907 630 2953 vegei-61.
