1955 3278
1518 111 1584 144 155

99 267 226 295 cursu
254 266 407 295 sensus
430 253 659 295 reconditis
684 253 827 294 metris
855 254 1141 307 exprimentes
1170 254 1313 295 divina
1341 254 1583 298 enunciant.

100 338 210 377 quae
243 330 395 378 postea
428 324 613 366 abeunte
640 325 783 365 furore
811 330 884 364 aut
906 325 988 375 vix⁷
1022 332 1093 365 aut
1121 326 1236 367 nullo
1266 325 1391 367 modo
1414 325 1584 379 ipsimet

99 395 356 448 intelligunt,
398 402 601 447 tanquam
635 395 670 436 si
702 408 787 436 non
819 394 901 448 ipsi
933 396 1320 448 pronunciaverint⁷
1355 396 1432 437 sed
1465 396 1584 437 Deus

98 480 152 507 ex
184 479 255 507 010
290 479 433 507 00111111
467 465 592 506 fuerit
624 466 802 507 locutus.
837 465 1000 515 Quibus
1023 466 1083 506 sic
1106 467 1317 508 stantibus
1340 479 1424 507 non
1448 467 1581 508 solum

98 537 255 591 poesis,
302 536 378 577 sed
413 542 454 577 et
488 542 657 577 ceterae
691 536 860 577 divinae
906 542 1021 577 artes
1055 542 1097 577 et
1130 538 1297 578 occulta
1344 537 1583 578 morborum

97 607 288 649 remedia
318 607 361 648 in
405 607 544 648 lucem
589 606 797 660 producta
842 613 950 648 sunt.
998 606 1160 648 Eadem
1207 615 1303 648 sunt
1347 621 1456 660 quae
1489 608 1582 661 ipse

97 678 220 719 Plato
267 678 319 719 de
365 678 567 728 Hesiodo,
613 678 811 728 Homero,
857 677 1029 732 Orpheo
1063 685 1103 719 et
1138 678 1322 719 Pindaro
1357 679 1500 720 scribit
1540 679 1583 719 111

96 749 241 790 11110110
276 749 346 802 qui
378 749 452 790 Ion
486 749 650 790 dicitur.
693 748 774 798 Qui
806 749 916 790 haec
950 749 1028 790 sub
1063 749 1196 790 tribus
1226 749 1360 802 signis
1393 763 1582 802 compre·
1625 764 1756 795 Nullum

94 820 292 861 hendens
337 826 468 873 negat
501 820 743 874 quempiam
775 833 905 874 posse
939 820 1096 861 bonum
1131 819 1244 861 effici
1277 826 1461 873 poetam,
1503 820 1583 862 nisi
1655 827 1727 848 esse
1757 870 1764 876 .

96 890 238 932 divino
273 890 421 944 spiritu
454 890 626 931 afflatus
660 891 714 931 sit
747 896 789 931 et
821 897 969 931 motus.
1018 891 1080 931 Ex
1114 890 1267 943 quibus
1300 892 1381 932 hoc
1414 891 1582 933 tertium
1596 873 1783 951 pogtizffioms

96 968 175 1012 est⁷
204 961 317 1014 quod
340 961 382 1002 hi
405 961 476 1014 qui
499 961 598 1002 boni
621 968 717 1002 sunt
746 968 901 1015 poetae
924 975 1003 1003 nec
1027 968 1178 1002 natura
1211 969 1332 1003 erunt
1365 961 1583 1016 prudenti·
1597 973 1728 1004 afflatus
1744 975 1784 1004 sit

97 1045 206 1084 ores,
240 1046 319 1074 nec
352 1032 498 1073 labore
533 1039 574 1073 et
608 1032 876 1083 assiduitate,
909 1033 1036 1073 immo
1070 1032 1208 1074 minus
1242 1033 1328 1074 vini
1360 1033 1580 1086 potatione
1626 1026 1749 1063 spiritu.

96 1103 283 1144 evadunt
317 1104 542 1154 doctiores7
576 1117 721 1144 verum
756 1103 846 1144 solo
871 1103 1011 1144 furore
1037 1103 1179 1145 divino
1204 1105 1455 1145 excitantur.
1492 1104 1581 1145 Hoc
1604 1113 1706 1143 Poeta
1721 1122 1780 1143 nec

95 1182 161 1216 est
195 1174 307 1226 quod
339 1174 540 1215 Horatius
574 1174 754 1215 Flaccus
775 1174 817 1214 in
840 1174 1177 1216 institutionibus
1200 1175 1380 1228 poeticis
1406 1175 1579 1216 extulit:
1626 1168 1752 1202 natura,

1596 1216 1795 1253 neclabore‚

337 1283 535 1329 Ingenium
568 1282 711 1318 misera
744 1283 807 1329 qui
842 1281 1071 1319 fortunatius
1105 1286 1185 1319 arte
1618 1268 1674 1327 sed
1696 1268 1768 1328 .S⁰l⁰

333 1341 464 1379 Credit
497 1345 534 1378 et
567 1341 735 1378 excludit
769 1353 901 1378 sacros
935 1341 1120 1378 Helicone
1155 1345 1302 1389 poetas,
1640 1320 1749 1403 2:132

332 1401 591 1437 Democritus.
1604 1396 1776 1456 excitatur.

213 1494 303 1535 Hoc
337 1500 402 1535 est
436 1493 549 1546 quod
582 1492 760 1534 Ovidius
794 1493 923 1534 dixit:

332 1589 400 1627 Est
432 1589 526 1627 deus
560 1591 596 1626 111
630 1590 753 1633 nobis,
790 1593 877 1626 sunt
907 1593 944 1626 01
972 1591 1204 1626 00111111010111
1234 1591 1343 1628 coeli.

334 1648 499 1686 Sedibus
533 1648 725 1686 aethereis
761 1649 919 1696 spiritus
953 1649 1015 1685 ille
1049 1650 1164 1692 venit,

94 1756 178 1784 non
212 1748 355 1784 autem
389 1742 488 1784 dicit
523 1756 548 1783 a
580 1743 691 1783 vino.
727 1742 871 1783 Idem:

331 1839 412 1875 Nos
447 1839 546 1875 sacri
580 1842 688 1875 vates
722 1842 759 1875 et
792 1838 921 1875 divum
955 1850 1045 1875 cura
1079 1850 1272 1876 vocamur.

332 1898 427 1934 Sunt
460 1898 576 1934 etiam
611 1899 674 1945 qui
708 1909 778 1935 nos
811 1909 951 1934 numen
984 1897 1127 1934 habere
1161 1901 1306 1945 putent.

215 1991 333 2033 Idem
351 2007 358 2032 :

331 2087 400 2124 Est
433 2087 527 2124 deus
560 2088 597 2124 111
630 2087 753 2131 nobis,
790 2088 960 2135 agitante
994 2087 1225 2124 calescimus
1257 2087 1321 2124 illo

332 2147 502 2194 Impetus
536 2146 597 2183 hit·
631 2158 766 2184 sacrae
801 2147 947 2183 semina
982 2148 1121 2183 mentis
1156 2146 1282 2183 habet.

214 2240 357 2281 Idem:

332 2337 411 2373 Ista
443 2336 505 2373 dei
537 2348 611 2374 vox
644 2340 714 2380 est,
750 2336 844 2373 deus
879 2340 937 2373 est
959 2337 996 2373 in
1020 2340 1177 2384 pectore
1212 2339 1343 2373 nostro

331 2396 430 2432 Nam
464 2395 561 2432 duce
595 2395 792 2443 praedico,
829 2396 1092 2442 vaticinorque
1127 2395 1212 2432 deo.

215 2488 286 2530 Sic
320 2489 581 2530 Claudianus
615 2489 669 2530 de
702 2495 827 2543 raptu
860 2489 1169 2546 I’roserpinae:

332 2585 411 2620 Iam
445 2584 551 2621 furor
583 2584 771 2622 humanos
804 2588 937 2621 nostro
968 2583 1014 2620 de
1038 2587 1195 2631 pectore
1230 2595 1367 2620 sensus

332 2643 488 2691 Expulit
511 2646 548 2680 et
570 2647 691 2680 totum
715 2645 864 2692 spirant
885 2642 1115 2691 praecordia
1139 2642 1350 2688 Phoebum,

95 2761 179 2789 non
214 2754 354 2789 autem
388 2748 605 2790 Bacchum
628 2750 697 2790 vel
719 2749 872 2790 vinum.
907 2749 977 2790 Sic
1003 2749 1127 2789 etiam
1155 2748 1303 2789 Cicero
1326 2747 1449 2789 dixit:
1489 2746 1584 2796 „At-

95 2819 167 2871 qui
200 2820 262 2861 sic
294 2833 319 2860 a
343 2819 516 2861 summis
539 2819 922 2873 eruditissimisque
953 2819 1196 2860 hominibus
1219 2818 1466 2872 accepimus
1490 2830 1585 2859 cae-

96 2895 282 2931 terarum
316 2903 453 2931 rerum
488 2889 630 2931 studia
663 2898 704 2931 et
737 2890 930 2932 doctrina
965 2897 1006 2931 et
1039 2890 1284 2943 praeceptis
1309 2895 1349 2930 et
1373 2896 1463 2929 arte
1487 2901 1585 2930 con-
