1955 3278
1548 97 1613 130 151

131 246 347 295 pararunt.
373 240 442 282 Sic
465 240 725 294 Syracusani
742 253 835 282 cum
855 240 1037 281 Dionem
1061 240 1245 282 nobilem
1270 241 1402 282 virum
1425 240 1612 281 factione

131 311 366 354 invidorum
412 312 515 352 urbe
561 311 839 365 expulissent,
874 324 898 351 a
931 311 1237 363 Leontinisque
1284 318 1325 352 et
1356 311 1508 352 Dionis
1541 311 1614 352 ob-

132 383 296 424 sidione
314 389 573 434 tenerentur,
593 396 642 423 ac
661 381 866 434 quasdam
886 382 1169 423 obsidentium
1188 383 1380 424 triremes
1402 382 1614 423 frumento

132 467 182 494 ac
205 453 397 507 pecuniis
421 459 621 494 oneratas
642 453 921 506 recepissent,
947 452 1056 494 adeo
1080 454 1132 494 ob
1152 467 1244 494 eam
1269 453 1489 495 victoriam
1513 452 1615 494 elati

131 530 242 575 sunt,
276 530 320 564 ut
352 524 436 564 iam
468 523 663 564 hostibus
697 524 952 577 contemptis
986 524 1276 578 voluptatibus
1310 523 1497 565 immersi
1528 536 1612 564 non

129 594 213 635 nisi
245 593 400 635 Veneri
428 602 469 635 et
492 595 589 635 vino
622 594 907 647 indulgerent.
943 595 1100 635 Hostes
1122 595 1266 647 itaque
1290 595 1493 648 populum
1516 607 1613 634 con—

131 665 285 719 spicati
318 666 503 720 crapulis
538 678 684 706 somno
718 666 901 718 vinoque
936 667 1149 720 sepultum
1177 667 1312 720 prima
1343 667 1438 707 luce
1473 679 1613 707 arcem

128 736 352 790 impetunt,
387 736 534 778 obvios
567 750 642 790 pro
677 737 850 778 libidine
884 737 1095 789 occidunt,
1142 737 1275 778 aedes
1308 737 1491 789 diruunt,
1525 750 1613 777 mu-

130 807 257 848 lieres
290 820 532 861 puerosque
566 807 795 849 abducunt.
831 808 978 849 urbem
1010 821 1202 849 moerore
1227 808 1613 861 desperationeque

129 878 320 932 implent.
349 878 447 932 Ipse
471 892 570 919 vero
594 879 706 919 Dion
731 892 825 920 cum
846 879 1009 933 Nypsio
1033 879 1290 933 promptiore
1319 878 1614 919 manu-urbem
1630 878 1827 918 Syracusani

131 947 342 991 invadens
376 951 516 991 onmia
549 951 813 1004 propulatur,
847 951 988 991 onmia
1023 950 1176 1004 diripit,
1214 957 1254 992 et
1286 951 1429 1003 caesis
1462 951 1614 990 utrius·
1633 941 1827 1015 ebrifgigtem

131 1034 212 1073 que
247 1033 375 1062 sexus
402 1021 656 1071 hominibus,
692 1022 832 1062 omnia
854 1022 943 1075 igni
964 1021 1162 1074 ferroque
1186 1021 1451 1062 mandantur.
1481 1020 1616 1062 Simili
1640 1037 1671 1067 in
1695 1046 1809 1067 manns

129 1091 254 1132 modo
288 1091 444 1133 deinde
477 1092 605 1133 iidem
637 1093 679 1133 in
714 1107 882 1134 manum
914 1093 1106 1134 Marcelli
1141 1093 1428 1145 ditionemque
1461 1088 1773 1147 Roma-Marcelli
1795 1092 1827 1119 et

129 1176 277 1205 norum
311 1164 589 1205 devenerunt.
626 1164 696 1206 Sic
724 1171 764 1205 et
788 1164 1013 1217 Babylonii
1036 1177 1061 1204 a
1083 1164 1227 1205 Persis
1262 1170 1302 1205 et
1322 1164 1422 1206 victi
1443 1143 1673 1205 fueruntP‘O'
1688 1145 1828 1171 vomunt.

128 1242 171 1277 et
193 1236 236 1276 in
258 1242 517 1290 potestatem
552 1236 647 1289 Cyri
670 1236 846 1277 redacti.
883 1235 1038 1288 Sicque
1062 1236 1232 1289 publica
1257 1236 1444 1277 ebrietas
1467 1236 1615 1276 multo·

129 1321 220 1348 rum
244 1320 449 1348 annorum
482 1307 750 1361 pertinancia
782 1307 895 1348 bello
924 1306 1106 1349 defensa
1138 1307 1306 1348 moenia
1331 1320 1462 1361 saepe
1496 1314 1615 1361 pate-

127 1378 244 1430 fecit,
280 1379 426 1431 sicque
460 1379 667 1432 plurimae
701 1378 828 1419 urbes
862 1378 933 1419 diu
956 1379 1163 1419 obsessae
1197 1392 1278 1419 nec
1299 1384 1450 1432 raptae
1472 1386 1613 1419 custo-

128 1449 254 1492 dibus
287 1463 434 1491 somno
474 1450 657 1502 vinoque
692 1449 871 1503 sepultis
909 1450 962 1490 ab
1000 1449 1196 1491 hostibus
1236 1449 1480 1503 patefactae
1518 1456 1615 1490 sunt

128 1527 171 1562 et
193 1521 403 1563 incendiis
423 1528 734 1563 concrematae.
761 1520 832 1562 Sic
853 1520 1005 1561 infiniti
1023 1518 1076 1573 (‘?)
1098 1520 1224 1561 nimio
1250 1521 1347 1561 vino
1367 1521 1614 1574 impellente

128 1584 288 1633 iniusta
314 1592 530 1646 impiaque
555 1591 782 1633 homicidia
806 1592 1118 1633 commiserunt.
1153 1591 1276 1633 Unde
1301 1592 1452 1634 cecinit
1476 1592 1612 1645 Virgi-

128 1663 210 1704 lius
243 1664 286 1704 in
319 1664 525 1717 opusculo
561 1663 613 1704 de
646 1663 813 1704 Venere
847 1670 888 1704 et
922 1663 1029 1704 Vino
1047 1679 1059 1714 ει

337 1772 419 1808 Nec
452 1772 626 1809 Veneris.
662 1784 733 1808 nec
766 1776 805 1808 tu
838 1772 915 1807 vini
947 1772 1113 1819 capiaris
1147 1782 1276 1807 amore
1663 1762 1737 1823 Yini
1763 1766 1794 1821 (ῗῖ

400 1831 484 1868 L'no
517 1842 682 1878 namque
715 1830 828 1867 modo
862 1831 950 1867 vina
983 1831 1190 1877 Venusque
1224 1835 1375 1870 nocent,
1658 1815 1794 1845 Seuerus

340 1890 390 1927 Ut
421 1890 551 1927 Venus
584 1892 741 1927 enervat
774 1891 875 1926 vires
910 1890 964 1926 sic
998 1890 1109 1937 copia
1142 1890 1230 1926 vini.
1641 1871 1760 1951 ⁸³33:
1779 1877 1815 1897 ὃς

399 1949 448 1985 Et
479 1952 601 1986 tentat
633 1961 804 1997 gressus,
841 1949 1092 1996 debilitatque
1126 1948 1259 1996 pedes.

340 2008 480 2045 Multos
514 2020 654 2045 caecus
688 2020 796 2045 amor
828 2009 931 2056 cogit
964 2013 1116 2045 secreta
1149 2007 1261 2045 fateri

399 2068 591 2104 Arcanum
625 2067 784 2105 demens
818 2067 964 2116 detegit
996 2067 1176 2104 ebrietas.

338 2126 488 2163 Bellum
521 2138 637 2175 saepe
671 2128 766 2174 petit
797 2126 902 2163 ferus
936 2127 1087 2163 exitiale
1121 2126 1283 2174 Cupido.

402 2186 526 2234 Saepe
549 2197 684 2223 manus
717 2185 849 2223 itidem
883 2185 1060 2223 Bacchus
1083 2185 1132 2222 ad
1154 2197 1260 2223 arma
1282 2190 1406 2222 vocat.

340 2246 515 2293 Denique
546 2257 631 2282 cum
658 2249 805 2282 mentes
839 2245 1032 2282 hominum
1066 2244 1216 2282 furiarit
1248 2248 1423 2292 uterque,

400 2305 447 2341 Et
479 2304 603 2352 pudor
636 2308 673 2341 et
704 2304 877 2353 probitas
912 2308 949 2340 et
981 2308 1105 2341 metus
1139 2305 1262 2341 omnis
1293 2303 1415 2342 abest.

342 2363 601 2412 Compedibus
624 2364 828 2407 Venerem,
850 2364 986 2400 vinclis
1010 2364 1231 2411 constringe
1253 2363 1438 2411 Lyaeum,

398 2423 480 2460 Nec
512 2426 550 2459 te
583 2423 805 2460 muneribus
838 2422 968 2459 laedat
1000 2426 1160 2469 uterque
1195 2423 1286 2459 suis.

253 2526 341 2568 Sed
373 2533 418 2567 ut
450 2527 625 2568 tandem
657 2527 800 2568 finiam
831 2527 884 2568 de
908 2527 987 2578 his,
1021 2527 1102 2567 iam
1127 2527 1294 2578 tacebo,
1320 2540 1429 2579 quae
1453 2527 1506 2569 de
1529 2527 1616 2569 vini
1657 2541 1688 2570 st
1713 2521 1787 2577 qnid

130 2611 186 2639 ‘ac
206 2597 425 2639 ebrietatis
446 2598 725 2640 incommodis
748 2599 906 2652 scripta
930 2605 1038 2639 sunt.
1072 2598 1277 2639 Revertar
1306 2598 1361 2639 ad
1382 2592 1829 2651 secundampraeqlarffle

133 2669 437 2723 propositionis
469 2676 568 2710 tuae
602 2675 780 2722 partem,
828 2670 899 2711 ubi
931 2668 1078 2710 niteris
1112 2682 1320 2720 asserere,
1367 2668 1481 2721 quod
1513 2648 1746 2728 1111111ξζεῗιζῖ8
1762 2643 1820 2734 53¹¹,

133 2739 189 2780 ab
220 2739 456 2792 ingeniosis
479 2740 548 2781 vel
570 2740 808 2782 oratoribus
829 2741 897 2781 vel
926 2740 1065 2793 poetis
1092 2740 1360 2793 praeclarum
1383 2739 1453 2781 edi
1480 2739 1616 2793 possit
1689 2751 1762 2780 vino

134 2809 216 2850 nisi
260 2823 336 2864 per
378 2810 464 2852 vini
508 2812 755 2864 mysterium
788 2810 986 2852 audendo
1031 2816 1161 2851 totam
1196 2823 1393 2851 caussam
1425 2817 1541 2851 tuam
1572 2810 1616 2851 in
1639 2801 1809 2831 abstinent.

133 2880 320 2922 medium
371 2882 545 2923 allatam
590 2896 641 2923 ex
687 2881 908 2924 cuiusdam
960 2881 1182 2923 temulenti
1225 2888 1381 2935 poetae
1427 2880 1535 2933 (sive
1580 2881 1616 2922 is
