1919 3273
287 103 357 137 488

288 248 417 298 liano,
462 246 670 300 Vayvoda
703 246 1039 300 Transsylvano,
1085 260 1225 288 rerum
1258 247 1677 300 Transsylvanarum
1720 260 1785 288 se-

291 318 473 361 cundum
492 318 654 371 Regem
672 317 943 359 moderatore
961 317 1207 368 fortissimo,
1228 317 1341 359 domi
1357 318 1618 371 militiaeque
1639 318 1784 360 claris-

291 390 410 442 simo,
443 389 660 442 vestrique
685 389 908 431 simillimis
939 390 1109 444 optimis
1133 390 1248 442 viris,
1279 391 1446 444 magnis
1468 390 1680 432 libertatis
1711 391 1784 432 ad·

290 461 523 503 sertoribus
558 461 728 502 sublata
762 470 840 513 est,
876 474 983 514 quas
1017 474 1100 502 non
1134 475 1261 503 aures
1293 461 1411 502 fama
1442 460 1645 503 infersit?
1679 475 1786 515 quos

289 546 373 574 non
406 533 521 574 orbis
554 533 737 586 angulos
769 532 922 587 pernix
955 532 1348 575 circumlustravit‘?
1383 533 1471 575 Sed
1503 533 1613 575 haec
1642 547 1785 575 cumu-

289 604 417 645 latius
449 605 493 645 in
525 604 683 645 nostris
718 603 771 644 de
804 603 980 645 Rustico
1027 604 1140 645 bello
1174 604 1345 655 libellis,
1394 604 1579 645 carmine
1612 604 1787 646 heroico

290 675 569 726 concinnatis,
593 680 829 728 cognoscet
850 675 962 726 olim,
989 674 1169 729 Superis
1190 675 1435 717 volentibus
1458 675 1692 729 posteritas
1716 710 1724 718 .
1746 710 1752 716 .
1776 709 1785 718 .

288 747 457 788 Felices
490 752 686 800 nepotes,
722 752 764 788 et
797 747 869 799 qui
900 753 1134 787 nascentur
1167 747 1220 787 ab
1254 747 1350 798 illis,
1393 747 1547 799 quibus
1580 747 1787 788 maiorum

288 818 480 870 virtutes,
527 824 780 859 ornamenta
826 824 868 859 et
912 819 1139 872 praeclara
1176 818 1383 869 facinora,
1431 825 1503 859 tuo
1537 818 1680 869 ductu,
1714 825 1788 859 tuo

288 889 494 944 auspicio,
527 895 602 930 tua
633 889 918 939 liberalitate;
954 896 1102 930 nostra
1135 889 1297 943 vigilia,
1330 889 1429 940 fide,
1465 890 1653 941 solertia,
1688 903 1787 943 cog-

287 974 482 1013 noscere,
516 974 542 1001 a
573 960 765 1002 tenebris
811 973 862 1002 ac
894 961 1067 1001 interitu
1105 961 1314 1002 vindicari
1360 960 1505 1001 datum
1539 967 1628 1012 est3
1677 975 1789 1014 quae

285 1032 329 1072 in
363 1045 488 1073 omne
521 1044 689 1083 aevum,
723 1037 930 1084 tanquam
957 1032 1179 1086 exemplar
1203 1032 1507 1086 suscipientes,
1530 1039 1787 1086 proponant,

286 1116 395 1145 neve
428 1103 559 1145 vitam
591 1103 679 1144 ulla
710 1103 911 1144 labecula
949 1110 1197 1157 aspergant,
1233 1104 1403 1156 sintque
1438 1103 1585 1145 Iacobi
1618 1103 1788 1144 Antonii

286 1174 477 1216 Marcelli
522 1188 648 1227 quam
695 1175 911 1226 simillimi,
955 1175 1121 1228 patriae
1170 1181 1422 1216 ornamento
1469 1180 1511 1216 et
1554 1174 1786 1228 praesidio.

286 1246 418 1287 Porro
442 1246 695 1287 felicissima
726 1246 953 1287 Pannonia
979 1247 1056 1287 tali
1088 1247 1275 1298 alumno,
1309 1246 1386 1286 tali
1419 1245 1592 1287 laudum
1617 1259 1788 1287 suarum

286 1317 575 1359 buccinatore.
619 1318 711 1359 Nec
744 1317 893 1359 dubito
927 1317 1032 1368 fore,
1068 1318 1169 1370 quin
1201 1317 1372 1371 plurimi
1404 1317 1618 1359 Pannonii
1648 1316 1789 1372 (ferax

288 1390 401 1431 enim
433 1389 543 1430 haec
581 1389 835 1443 optimorum
867 1389 1138 1443 ingeniorum
1174 1396 1295 1430 aetas
1330 1387 1414 1441 est)
1460 1389 1586 1430 huius
1631 1394 1790 1444 poetae

287 1461 514 1503 virtutibus
539 1467 581 1502 et
600 1460 718 1502 fama
735 1460 913 1511 incitati,
933 1460 1220 1514 pulcherrima
1237 1461 1569 1502 immortalitatis
1587 1461 1789 1503 mercede

288 1533 546 1587 anteposita,
562 1532 826 1584 inflammati,
843 1531 899 1573 ad
915 1531 1091 1573 easdem
1111 1532 1347 1573 studiorum
1365 1538 1503 1574 metas
1524 1533 1790 1574 anhelantes

286 1605 512 1659 pervenire
556 1603 845 1654 contendant;
893 1610 936 1644 et
975 1603 1089 1656 quod
1136 1604 1265 1657 longo
1309 1610 1502 1658 tempore
1541 1603 1790 1646 Pannonio-

285 1690 377 1717 rum
400 1689 569 1727 nomen,
593 1675 738 1729 pravis
761 1680 1094 1729 praeceptorum
1123 1675 1465 1716 institutionibus
1497 1676 1788 1726 obsoleverat,

286 1747 457 1802 optimis
482 1748 721 1801 quibusque
742 1746 896 1801 positis
918 1752 961 1788 et
976 1747 1209 1801 perceptis,
1228 1746 1377 1800 vigilia
1394 1747 1543 1788 labore
1561 1745 1790 1812 pertinaci,

284 1819 474 1873 ingenio,
507 1818 712 1860 memoria
745 1824 787 1859 et
819 1831 916 1869 usu,
963 1818 1004 1858 in
1040 1817 1170 1859 horas
1211 1818 1436 1860 enitescat.
1483 1818 1550 1859 De
1583 1832 1650 1859 me
1683 1818 1789 1861 nihil

284 1897 445 1932 temere
463 1889 657 1944 polliceri
673 1889 837 1943 ingenii
855 1889 1132 1931 mediocritas
1152 1889 1364 1937 hortatur,
1388 1889 1433 1930 id
1450 1896 1594 1931 tamen
1611 1890 1788 1944 recipio,

287 1963 323 2004 si
355 1962 465 2003 haec
510 1975 607 2003 mea
638 1962 681 2002 in
713 1962 875 2003 Ioanne
921 1961 1146 2002 Pannonio
1191 1961 1460 2002 restituendo
1494 1968 1537 2002 et
1568 1961 1788 2015 vulgando

287 2034 510 2086 sedulitas,
555 2040 674 2075 tuum
718 2034 761 2075 in
808 2047 874 2075 me
907 2033 1100 2075 favorem
1146 2039 1372 2087 promtum,
1422 2047 1532 2086 quae
1571 2046 1639 2074 me
1687 2046 1789 2087 spes

285 2106 373 2156 alit,
406 2105 661 2156 firmaverit,
697 2106 844 2147 alacer
877 2111 919 2146 et
953 2105 1047 2159 spei
1079 2105 1219 2146 bonae
1252 2105 1421 2158 plenus,
1454 2105 1583 2146 nullis
1606 2104 1788 2146 inertiae

286 2176 664 2231 deprecationibus
712 2183 755 2218 et
799 2174 1134 2229 Ἒγκωμιαστικὰ
1180 2176 1233 2217 de
1267 2176 1351 2217 tuis
1396 2176 1623 2218 virtutibus
1662 2189 1788 2230 prae-

285 2248 550 2300 clarissimis,
583 2248 868 2290 tenerioribus
902 2248 1228 2289 adolescentiae
1263 2248 1387 2288 annis
1423 2254 1592 2301 coepta,
1627 2247 1683 2288 ad
1701 2261 1790 2288 um—

284 2319 457 2361 bilicum
504 2319 754 2374 perducere,
806 2327 849 2361 et
895 2319 1056 2361 nomini
1105 2332 1200 2360 cum
1247 2319 1427 2373 patriae,
1477 2326 1564 2360 tum
1613 2325 1790 2373 poetae,

285 2399 488 2443 quantam
523 2391 578 2433 ad
609 2391 758 2432 literas
792 2391 960 2443 attinet,
994 2391 1037 2431 in
1071 2389 1318 2431 emittendis
1352 2390 1447 2431 aliis
1479 2391 1615 2444 ipsius
1649 2389 1785 2444 operi-

285 2463 380 2514 bus,
415 2476 525 2516 quae
558 2463 723 2516 reliqua
756 2463 960 2516 neglecta
994 2468 1035 2504 et
1072 2474 1315 2516 supremam
1349 2462 1576 2515 poscentia
1613 2475 1788 2503 manum

283 2534 440 2586 iacent,
492 2547 710 2587 nunquam
758 2547 834 2588 pro
882 2533 991 2575 virili
1037 2539 1159 2587 parte
1203 2534 1374 2584 deesse,
1421 2534 1519 2574 ullis
1563 2533 1790 2575 laboribus

285 2604 545 2647 deterrebor.
592 2605 712 2656 Vale,
747 2610 1045 2646 ornamentum
1077 2605 1309 2647 literarum.
1350 2605 1587 2657 Bononiae,
1623 2603 1785 2654 Quarto

283 2676 431 2717 Nonas
467 2675 617 2718 Octob.
652 2676 877 2717 MDXXII.
