1898 3278
262 134 306 166 94

256 277 419 330 pudore
459 277 743 330 undecunque
790 277 951 319 suffuso
992 292 1161 320 manum
1196 279 1365 321 iniicis.
1393 314 1400 321 .
1429 313 1435 320 .
1480 280 1599 322 Bene
1632 281 1744 327 vale,

256 355 299 389 et
331 348 509 401 primum
542 348 655 389 hunc
689 348 953 390 Selectorum
978 363 1164 391 meorum
1199 350 1402 401 libellum,
1427 351 1549 403 quasi
1572 357 1743 394 tenuem

254 426 423 471 gustum
459 419 673 472 quendam
706 419 781 460 tibi
802 419 1048 461 nominatim
1074 420 1258 461 dicatum
1293 421 1387 471 (nec
1412 421 1523 462 enim
1545 422 1742 463 tumulta-

253 490 313 531 rio
346 490 491 543 plures
537 490 721 531 exscribi
756 488 948 544 potuere)
992 491 1034 531 in
1069 497 1335 533 caeterorum
1381 492 1451 545 qui
1484 505 1579 533 mox
1613 492 1668 533 ad
1700 500 1743 534 te

251 561 373 602 ibunt
390 561 546 614 pignus
571 568 612 602 et
634 561 765 602 veluti
799 561 1038 603 arrabinem
1071 562 1211 603 laetus
1239 576 1290 604 ac
1312 562 1442 604 foelix
1466 563 1653 617 accipias
1673 596 1680 603 .
1703 597 1710 606 .
1732 598 1740 606 .

251 632 304 673 M.
322 632 480 673 DXIX.
516 631 650 673 Buda.

416 789 455 829 p.
493 773 587 818 100.
639 774 810 817 Caelius
846 775 933 817 Cal.
971 774 1181 815 Matthiae
1217 774 1498 827 Squaquarae
1531 774 1573 817 S.

368 870 602 923 Pergratae
636 870 736 910 mihi
759 870 931 911 fuerunt
952 871 1102 911 literae
1136 876 1249 913 tuae,
1283 870 1325 911 in
1347 871 1500 922 quibus
1521 872 1738 925 ingenium

250 948 291 982 et
324 941 605 982 eruditionem
641 941 901 994 singularem
924 941 1042 981 iuxta
1066 941 1278 994 perspexi.
1315 976 1321 982 .
1349 976 1356 983 .
1383 975 1388 980 .
1415 940 1614 983 Ostendit
1636 943 1739 984 mihi

247 1012 435 1053 Thomas
459 1012 767 1066 pigmentarius
800 1012 1105 1065 syngrapham,
1132 1012 1184 1053 de
1209 1026 1293 1064 qua
1317 1012 1574 1054 mentionem
1602 1013 1739 1055 habes

246 1084 289 1124 in
322 1084 468 1135 literis,
504 1096 629 1136 quom
661 1084 842 1137 primum
875 1096 1085 1137 accepero
1118 1088 1160 1124 te
1194 1083 1343 1124 Budae
1378 1097 1490 1135 esse,
1531 1090 1575 1125 ut
1608 1085 1663 1126 ad
1695 1092 1737 1126 te

245 1155 469 1196 incolumis
515 1155 756 1208 perferatur
789 1155 962 1202 curabo,
994 1167 1076 1207 quo
1112 1154 1377 1208 diligentiam
1423 1168 1549 1208 quam
1582 1156 1738 1210 recipis

245 1225 467 1267 commode
514 1232 735 1280 praestare
782 1226 936 1280 possis.
992 1226 1134 1275 Quare
1168 1226 1210 1266 in
1243 1232 1284 1267 te
1318 1239 1446 1266 unum
1491 1227 1573 1268 hoc
1612 1239 1735 1268 omne

244 1310 351 1338 onus
395 1297 619 1339 inclinabit
649 1332 657 1339 .
691 1332 697 1339 .
731 1333 738 1339 .
785 1298 832 1339 R.
870 1297 918 1338 D.
954 1289 1251 1350 Istrigoniensi
1296 1310 1363 1338 me
1397 1311 1449 1339 ac
1486 1297 1737 1339 servitutem

243 1381 382 1409 meam
404 1375 653 1410 reverenter
675 1369 986 1410 commendato.
1022 1368 1112 1409 Nec
1135 1368 1273 1409 minus
1292 1375 1583 1422 praestantem
1606 1368 1735 1410 Joan—

243 1452 340 1480 nem
364 1440 416 1480 M.
440 1440 669 1493 Physicum
692 1454 787 1481 meo
810 1440 979 1481 nomine
1004 1440 1227 1493 plurimum
1250 1441 1448 1482 salutato.
1483 1440 1601 1481 Bene
1625 1440 1734 1482 vale.

248 1510 310 1552 VI.
348 1511 522 1553 Calend.
556 1512 702 1553 Maias.
736 1512 787 1553 M.
804 1512 854 1552 D.
869 1511 985 1552 XIX.
1020 1511 1164 1564 Agria.

565 1651 616 1706 (A
649 1653 819 1694 levelek
852 1652 1106 1706 nyolczadik
1139 1650 1415 1707 konyvebol.)

341 1763 379 1803 p.
417 1747 511 1791 107.
564 1746 733 1789 Caelius
771 1746 852 1788 Cal.
891 1745 1080 1799 Gaspari
1113 1746 1284 1788 Seredio
1317 1747 1554 1789 Pannonio
1593 1747 1633 1790 S.

359 1856 570 1898 Redditae
604 1861 702 1896 sunt
735 1854 848 1905 mihi,
897 1854 1065 1908 Gaspar
1099 1855 1383 1907 ornatissime,
1429 1861 1529 1896 tuae
1564 1855 1731 1907 literae,

241 1942 350 1982 quae
384 1941 450 1969 me
474 1926 648 1968 mirifice
673 1927 956 1976 oblectarunt,
991 1932 1079 1966 tum
1103 1926 1217 1979 quod
1239 1926 1498 1979 elegantiam
1523 1932 1566 1967 et
1584 1927 1731 1968 huma-

239 2000 415 2041 nitatem
462 2007 577 2039 tuam
609 2011 713 2052 prae
760 2011 806 2039 se
840 1997 1051 2048 ferebant,
1099 2004 1186 2038 tum
1219 1997 1333 2050 quod
1374 1997 1490 2052 apud
1522 2004 1563 2038 te
1597 1998 1731 2039 nostri

238 2071 484 2112 memoriam
530 2069 671 2110 adhuc
717 2069 874 2120 vivere,
920 2069 1104 2110 necdum
1150 2068 1390 2110 absentiam
1431 2068 1470 2109 ei
1503 2068 1727 2122 quicquam

239 2142 464 2183 detrivisse
498 2141 780 2182 testabantur.
817 2139 942 2189 Quod
974 2153 1075 2181 vero
1113 2140 1279 2181 tertium
1313 2139 1368 2180 ad
1401 2153 1467 2180 me
1492 2139 1728 2194 scripseris,

237 2214 280 2255 id
312 2213 393 2253 fuit
424 2212 742 2266 permolestum,
778 2211 949 2263 quando
983 2211 1133 2252 literae
1159 2211 1201 2251 in
1230 2223 1383 2251 manus
1417 2223 1534 2251 meas
1557 2210 1730 2252 minime

237 2289 536 2340 pervenerunt.
571 2282 679 2323 Nam
712 2288 940 2336 postquam
975 2296 1000 2323 a
1031 2281 1155 2323 nobis
1189 2281 1454 2332 abscessisti,
1487 2282 1616 2335 plane
1650 2281 1728 2323 abs

236 2365 278 2398 te
311 2355 416 2396 nihil
448 2355 663 2395 literarum
698 2354 859 2407 accepi,
895 2353 1164 2405 mirabarque
1199 2352 1410 2405 quomodo
1440 2358 1525 2393 tam
1546 2352 1728 2406 impiger

235 2428 278 2469 in
324 2425 565 2476 scribendo,
612 2430 698 2465 tam
745 2424 963 2465 officiosus
996 2425 1038 2465 in
1086 2423 1313 2464 salutando
1359 2423 1552 2478 protinus
1583 2423 1726 2464 factus

237 2505 353 2540 esset
386 2502 607 2538 cessator.
634 2529 641 2537 .
668 2529 675 2536 .
711 2495 835 2545 Quod
866 2496 1010 2548 itaque
1044 2495 1147 2535 nihil
1181 2494 1257 2535 tibi
1289 2494 1595 2548 rescripserim,
1640 2507 1726 2534 non

236 2577 301 2611 est
346 2568 459 2622 quod
493 2573 565 2608 aut
610 2567 916 2620 occupationes
962 2579 1080 2607 meas
1115 2565 1305 2607 causeris
1340 2571 1412 2606 aut
1446 2564 1600 2615 studia,
1647 2564 1725 2605 sed

234 2642 277 2682 in
309 2640 388 2681 hos
434 2639 551 2692 ipsos
598 2651 823 2679 aversores
867 2637 1264 2690 interceptoresque
1303 2635 1521 2676 literarum
1556 2648 1724 2676 omnem

235 2711 502 2752 stomachum
537 2710 734 2751 effundas
755 2710 868 2760 licet,
904 2708 975 2761 qui
996 2707 1164 2760 utrique
1184 2712 1376 2748 nostrum
1399 2712 1485 2746 tam
1511 2706 1723 2759 insignem

233 2782 428 2822 iniuriam
473 2781 629 2822 fecere.
686 2781 884 2822 Carmina
930 2792 1039 2832 quae
1085 2779 1197 2832 petis
1243 2778 1390 2828 emitti,
1436 2790 1544 2831 opus
1581 2782 1724 2818 estut

235 2853 481 2906 seligantur,
526 2852 916 2904 rescribanturque,
961 2857 1006 2891 ut
1040 2849 1178 2891 minus
1222 2849 1392 2902 ingrata
1431 2855 1473 2890 et
1505 2848 1723 2901 incompta

234 2923 289 2964 ad
322 2930 363 2964 te
397 2922 753 2976 proficiscantur.
780 2956 820 2964 ..
870 2922 1095 2963 Caeterum
1131 2920 1243 2973 quod
1275 2927 1317 2961 te
1350 2920 1504 2972 ingens
1549 2925 1721 2959 nostrae
