<?xml version="1.0" encoding="UTF-8"?>
<!DOCTYPE html PUBLIC "-//W3C//DTD XHTML 1.0 Transitional//EN"
    "http://www.w3.org/TR/xhtml1/DTD/xhtml1-transitional.dtd">
<html xmlns="http://www.w3.org/1999/xhtml" xml:lang="en" lang="en">
 <head>
  <title>
</title>
<meta http-equiv="Content-Type" content="text/html;charset=utf-8" />
  <meta name='ocr-system' content='tesseract 3.04.00' />
  <meta name='ocr-capabilities' content='ocr_page ocr_carea ocr_par ocr_line ocrx_word'/>
</head>
<body>
  <div class='ocr_page' id='page_1' title='image "analectanovaadhi00beuoft_0340.png"; bbox 0 0 1955 3278; ppageno 0'>
   <div class='ocr_carea' id='block_1_1' title="bbox 346 124 414 159">
    <p class='ocr_par' dir='ltr' id='par_1_1' title="bbox 346 124 414 159">
     <span class='ocr_line' id='line_1_1' title="bbox 346 124 414 159; baseline 0 0"><span class='ocrx_word' id='word_1_1' title='bbox 346 124 414 159; x_wconf 86' lang='grc'>306</span> 
     </span>
    </p>
   </div>
   <div class='ocr_carea' id='block_1_2' title="bbox 348 492 417 527">
    <p class='ocr_par' dir='ltr' id='par_1_2' title="bbox 348 492 417 527">
     <span class='ocr_line' id='line_1_2' title="bbox 348 492 417 527; baseline 0 0"><span class='ocrx_word' id='word_1_2' title='bbox 348 492 417 527; x_wconf 80' lang='grc'>320</span> 
     </span>
    </p>
   </div>
   <div class='ocr_carea' id='block_1_3' title="bbox 350 851 418 885">
    <p class='ocr_par' dir='ltr' id='par_1_3' title="bbox 350 851 418 885">
     <span class='ocr_line' id='line_1_3' title="bbox 350 851 418 885; baseline 0 0"><span class='ocrx_word' id='word_1_3' title='bbox 350 851 418 885; x_wconf 81' lang='grc'>325</span> 
     </span>
    </p>
   </div>
   <div class='ocr_carea' id='block_1_4' title="bbox 352 1210 420 1245">
    <p class='ocr_par' dir='ltr' id='par_1_4' title="bbox 352 1210 420 1245">
     <span class='ocr_line' id='line_1_4' title="bbox 352 1210 420 1245; baseline -0.015 0"><span class='ocrx_word' id='word_1_4' title='bbox 352 1210 420 1245; x_wconf 88' lang='lat'>330</span> 
     </span>
    </p>
   </div>
   <div class='ocr_carea' id='block_1_5' title="bbox 354 1568 421 1602">
    <p class='ocr_par' dir='ltr' id='par_1_5' title="bbox 354 1568 421 1602">
     <span class='ocr_line' id='line_1_5' title="bbox 354 1568 421 1602; baseline -0.015 0"><span class='ocrx_word' id='word_1_5' title='bbox 354 1568 421 1602; x_wconf 86' lang='lat'>335</span> 
     </span>
    </p>
   </div>
   <div class='ocr_carea' id='block_1_6' title="bbox 357 1925 425 1960">
    <p class='ocr_par' dir='ltr' id='par_1_6' title="bbox 357 1925 425 1960">
     <span class='ocr_line' id='line_1_6' title="bbox 357 1925 425 1960; baseline 0.015 -1"><span class='ocrx_word' id='word_1_6' title='bbox 357 1925 425 1960; x_wconf 85' lang='lat'>340</span> 
     </span>
    </p>
   </div>
   <div class='ocr_carea' id='block_1_7' title="bbox 358 2283 425 2317">
    <p class='ocr_par' dir='ltr' id='par_1_7' title="bbox 358 2283 425 2317">
     <span class='ocr_line' id='line_1_7' title="bbox 358 2283 425 2317; baseline -0.015 0"><span class='ocrx_word' id='word_1_7' title='bbox 358 2283 425 2317; x_wconf 88' lang='lat'>345</span> 
     </span>
    </p>
   </div>
   <div class='ocr_carea' id='block_1_8' title="bbox 360 2638 429 2672">
    <p class='ocr_par' dir='ltr' id='par_1_8' title="bbox 360 2638 429 2672">
     <span class='ocr_line' id='line_1_8' title="bbox 360 2638 429 2672; baseline 0 0"><span class='ocrx_word' id='word_1_8' title='bbox 360 2638 429 2672; x_wconf 90' lang='lat'>350</span> 
     </span>
    </p>
   </div>
   <div class='ocr_carea' id='block_1_9' title="bbox 496 268 1731 2965">
    <p class='ocr_par' dir='ltr' id='par_1_9' title="bbox 496 268 1671 751">
     <span class='ocr_line' id='line_1_9' title="bbox 496 268 1667 322; baseline 0.002 -13"><span class='ocrx_word' id='word_1_9' title='bbox 496 268 620 310; x_wconf 89' lang='lat' dir='ltr'>Alitis</span> <span class='ocrx_word' id='word_1_10' title='bbox 655 274 697 310; x_wconf 87' lang='lat' dir='ltr'>et</span> <span class='ocrx_word' id='word_1_11' title='bbox 729 281 948 310; x_wconf 90' lang='lat' dir='ltr'>numerum</span> <span class='ocrx_word' id='word_1_12' title='bbox 983 282 1110 322; x_wconf 89' lang='lat' dir='ltr'>quum</span> <span class='ocrx_word' id='word_1_13' title='bbox 1143 269 1319 310; x_wconf 82' lang='lat' dir='ltr'>traxerit</span> <span class='ocrx_word' id='word_1_14' title='bbox 1350 281 1486 321; x_wconf 91' lang='lat' dir='ltr'>usque</span> <span class='ocrx_word' id='word_1_15' title='bbox 1523 268 1667 318; x_wconf 78' lang='lat' dir='ltr'>Sabee</span> 
     </span>
     <span class='ocr_line' id='line_1_10' title="bbox 496 339 1628 394; baseline 0.002 -14"><span class='ocrx_word' id='word_1_16' title='bbox 496 339 588 381; x_wconf 88' lang='lat' dir='ltr'>Hec</span> <span class='ocrx_word' id='word_1_17' title='bbox 620 345 718 381; x_wconf 91' lang='lat' dir='ltr'>sunt</span> <span class='ocrx_word' id='word_1_18' title='bbox 750 340 939 382; x_wconf 90' lang='lat' dir='ltr'>venturis</span> <span class='ocrx_word' id='word_1_19' title='bbox 973 353 1183 382; x_wconf 90' lang='lat' dir='ltr'>concessa</span> <span class='ocrx_word' id='word_1_20' title='bbox 1214 340 1464 394; x_wconf 88' lang='lat' dir='ltr'>parentibus</span> <span class='ocrx_word' id='word_1_21' title='bbox 1497 353 1628 383; x_wconf 83' lang='lat' dir='ltr'>arma.</span> 
     </span>
     <span class='ocr_line' id='line_1_11' title="bbox 497 410 1638 464; baseline 0 -12"><span class='ocrx_word' id='word_1_22' title='bbox 497 410 642 453; x_wconf 83' lang='lat' dir='ltr'><strong>Gloria</strong></span> <span class='ocrx_word' id='word_1_23' title='bbox 675 411 769 464; x_wconf 90' lang='lat' dir='ltr'>quis</span> <span class='ocrx_word' id='word_1_24' title='bbox 801 411 924 452; x_wconf 88' lang='lat' dir='ltr'>tollet</span> <span class='ocrx_word' id='word_1_25' title='bbox 954 412 1038 452; x_wconf 91' lang='lat' dir='ltr'>iam</span> <span class='ocrx_word' id='word_1_26' title='bbox 1073 425 1119 453; x_wconf 88' lang='lat' dir='ltr'>se</span> <span class='ocrx_word' id='word_1_27' title='bbox 1155 411 1403 453; x_wconf 90' lang='lat' dir='ltr'>veneranda</span> <span class='ocrx_word' id='word_1_28' title='bbox 1435 411 1638 453; x_wconf 87' lang='lat' dir='ltr'>Bohemis</span> 
     </span>
     <span class='ocr_line' id='line_1_12' title="bbox 498 481 1671 537; baseline 0.001 -15"><span class='ocrx_word' id='word_1_29' title='bbox 498 481 706 523; x_wconf 87' lang='lat' dir='ltr'>Celitibus</span> <span class='ocrx_word' id='word_1_30' title='bbox 740 482 971 524; x_wconf 88' lang='lat' dir='ltr'>manifesta</span> <span class='ocrx_word' id='word_1_31' title='bbox 1004 484 1125 531; x_wconf 79' lang='lat' dir='ltr'>meis,</span> <span class='ocrx_word' id='word_1_32' title='bbox 1160 490 1201 524; x_wconf 89' lang='lat' dir='ltr'>et</span> <span class='ocrx_word' id='word_1_33' title='bbox 1231 482 1412 525; x_wconf 82' lang='lat' dir='ltr'>scandet</span> <span class='ocrx_word' id='word_1_34' title='bbox 1440 482 1671 537; x_wconf 82' lang='lat' dir='ltr'>Olympum</span> 
     </span>
     <span class='ocr_line' id='line_1_13' title="bbox 496 552 1600 608; baseline 0.001 -14"><span class='ocrx_word' id='word_1_35' title='bbox 496 552 744 595; x_wconf 89' lang='lat' dir='ltr'>Indubitata</span> <span class='ocrx_word' id='word_1_36' title='bbox 775 560 950 595; x_wconf 89' lang='lat' dir='ltr'>manent</span> <span class='ocrx_word' id='word_1_37' title='bbox 982 554 1281 608; x_wconf 86' lang='lat' dir='ltr'>promissaque</span> <span class='ocrx_word' id='word_1_38' title='bbox 1314 568 1417 596; x_wconf 87' lang='lat' dir='ltr'>vera</span> <span class='ocrx_word' id='word_1_39' title='bbox 1450 561 1600 608; x_wconf 87' lang='lat' dir='ltr'>putato</span> 
     </span>
     <span class='ocr_line' id='line_1_14' title="bbox 498 624 1595 679; baseline 0.001 -13"><span class='ocrx_word' id='word_1_40' title='bbox 498 624 611 666; x_wconf 89' lang='lat' dir='ltr'>Nata</span> <span class='ocrx_word' id='word_1_41' title='bbox 642 625 802 678; x_wconf 87' lang='lat' dir='ltr'>Venus,</span> <span class='ocrx_word' id='word_1_42' title='bbox 839 625 1051 679; x_wconf 90' lang='lat' dir='ltr'>quondam</span> <span class='ocrx_word' id='word_1_43' title='bbox 1088 625 1213 667; x_wconf 88' lang='lat' dir='ltr'>docui</span> <span class='ocrx_word' id='word_1_44' title='bbox 1246 625 1472 667; x_wconf 77' lang='lat' dir='ltr'>nascentia</span> <span class='ocrx_word' id='word_1_45' title='bbox 1504 626 1595 667; x_wconf 88' lang='lat' dir='ltr'>fata</span> 
     </span>
     <span class='ocr_line' id='line_1_15' title="bbox 499 695 1550 751; baseline 0.002 -14"><span class='ocrx_word' id='word_1_46' title='bbox 499 695 657 738; x_wconf 90' lang='lat' dir='ltr'>Ordine</span> <span class='ocrx_word' id='word_1_47' title='bbox 691 697 914 739; x_wconf 85' lang='lat' dir='ltr'>sollicitam</span> <span class='ocrx_word' id='word_1_48' title='bbox 948 710 1043 738; x_wconf 87' lang='lat' dir='ltr'>cum</span> <span class='ocrx_word' id='word_1_49' title='bbox 1076 702 1117 738; x_wconf 87' lang='lat' dir='ltr'>te</span> <span class='ocrx_word' id='word_1_50' title='bbox 1153 697 1366 751; x_wconf 84' lang='lat' dir='ltr'>Cytherea</span> <span class='ocrx_word' id='word_1_51' title='bbox 1398 697 1550 739; x_wconf 86' lang='lat' dir='ltr'>tuebar</span> 
     </span>
    </p>

    <p class='ocr_par' dir='ltr' id='par_1_10' title="bbox 497 768 1673 1465">
     <span class='ocr_line' id='line_1_16' title="bbox 499 768 1501 823; baseline 0.002 -15"><span class='ocrx_word' id='word_1_52' title='bbox 499 768 552 809; x_wconf 87' lang='lat' dir='ltr'>Et</span> <span class='ocrx_word' id='word_1_53' title='bbox 583 768 672 808; x_wconf 87' lang='lat' dir='ltr'>nati</span> <span class='ocrx_word' id='word_1_54' title='bbox 704 768 911 822; x_wconf 89' lang='lat' dir='ltr'>parvique</span> <span class='ocrx_word' id='word_1_55' title='bbox 944 769 1005 809; x_wconf 89' lang='lat' dir='ltr'>tui</span> <span class='ocrx_word' id='word_1_56' title='bbox 1038 781 1140 823; x_wconf 91' lang='lat' dir='ltr'>spes</span> <span class='ocrx_word' id='word_1_57' title='bbox 1173 775 1298 822; x_wconf 85' lang='lat' dir='ltr'>grata</span> <span class='ocrx_word' id='word_1_58' title='bbox 1330 769 1501 823; x_wconf 84' lang='lat' dir='ltr'>nepotis</span> 
     </span>
     <span class='ocr_line' id='line_1_17' title="bbox 497 839 1562 894; baseline 0.001 -14"><span class='ocrx_word' id='word_1_59' title='bbox 497 839 789 892; x_wconf 90' lang='lat' dir='ltr'>Infestamque</span> <span class='ocrx_word' id='word_1_60' title='bbox 822 839 911 881; x_wconf 89' lang='lat' dir='ltr'>viro</span> <span class='ocrx_word' id='word_1_61' title='bbox 944 839 1117 893; x_wconf 86' lang='lat' dir='ltr'>placida</span> <span class='ocrx_word' id='word_1_62' title='bbox 1150 840 1228 881; x_wconf 89' lang='lat' dir='ltr'>sub</span> <span class='ocrx_word' id='word_1_63' title='bbox 1261 853 1369 894; x_wconf 91' lang='lat' dir='ltr'>pace</span> <span class='ocrx_word' id='word_1_64' title='bbox 1402 840 1562 882; x_wconf 83' lang='lat' dir='ltr'>locanti</span> 
     </span>
     <span class='ocr_line' id='line_1_18' title="bbox 498 910 1595 966; baseline 0 -13"><span class='ocrx_word' id='word_1_65' title='bbox 498 911 665 966; x_wconf 83' lang='lat' dir='ltr'>Illyrico</span> <span class='ocrx_word' id='word_1_66' title='bbox 699 924 778 952; x_wconf 88' lang='lat' dir='ltr'>sua</span> <span class='ocrx_word' id='word_1_67' title='bbox 809 924 945 965; x_wconf 80' lang='lat' dir='ltr'>regna</span> <span class='ocrx_word' id='word_1_68' title='bbox 978 910 1079 952; x_wconf 83' lang='lat' dir='ltr'>Solo</span> <span class='ocrx_word' id='word_1_69' title='bbox 1113 911 1404 965; x_wconf 83' lang='lat' dir='ltr'>gravibusque</span> <span class='ocrx_word' id='word_1_70' title='bbox 1438 912 1595 953; x_wconf 88' lang='lat' dir='ltr'>sororis</span> 
     </span>
     <span class='ocr_line' id='line_1_19' title="bbox 501 982 1626 1036; baseline -0.002 -11"><span class='ocrx_word' id='word_1_71' title='bbox 501 984 764 1026; x_wconf 85' lang='lat' dir='ltr'>Succensam</span> <span class='ocrx_word' id='word_1_72' title='bbox 798 982 994 1034; x_wconf 84' lang='lat' dir='ltr'>stimulis,</span> <span class='ocrx_word' id='word_1_73' title='bbox 1028 982 1137 1023; x_wconf 88' lang='lat' dir='ltr'>odiis</span> <span class='ocrx_word' id='word_1_74' title='bbox 1171 988 1213 1023; x_wconf 91' lang='lat' dir='ltr'>et</span> <span class='ocrx_word' id='word_1_75' title='bbox 1245 982 1439 1036; x_wconf 85' lang='lat' dir='ltr'>coniugis</span> <span class='ocrx_word' id='word_1_76' title='bbox 1473 988 1626 1024; x_wconf 88' lang='lat' dir='ltr'>actam.</span> 
     </span>
     <span class='ocr_line' id='line_1_20' title="bbox 500 1054 1609 1107; baseline -0.001 -11"><span class='ocrx_word' id='word_1_77' title='bbox 500 1055 726 1097; x_wconf 83' lang='lat' dir='ltr'>Invenient</span> <span class='ocrx_word' id='word_1_78' title='bbox 757 1054 839 1095; x_wconf 92' lang='lat' dir='ltr'>hec</span> <span class='ocrx_word' id='word_1_79' title='bbox 872 1067 976 1095; x_wconf 89' lang='lat' dir='ltr'>vera</span> <span class='ocrx_word' id='word_1_80' title='bbox 1007 1059 1152 1107; x_wconf 90' lang='lat' dir='ltr'>patres</span> <span class='ocrx_word' id='word_1_81' title='bbox 1187 1054 1345 1095; x_wconf 88' lang='lat' dir='ltr'>emissa</span> <span class='ocrx_word' id='word_1_82' title='bbox 1376 1067 1453 1107; x_wconf 90' lang='lat' dir='ltr'>per</span> <span class='ocrx_word' id='word_1_83' title='bbox 1485 1060 1609 1095; x_wconf 86' lang='lat' dir='ltr'>antra</span> 
     </span>
     <span class='ocr_line' id='line_1_21' title="bbox 499 1124 1566 1179; baseline -0.002 -11"><span class='ocrx_word' id='word_1_84' title='bbox 499 1126 620 1168; x_wconf 90' lang='lat' dir='ltr'>Vatis</span> <span class='ocrx_word' id='word_1_85' title='bbox 654 1132 696 1167; x_wconf 92' lang='lat' dir='ltr'>et</span> <span class='ocrx_word' id='word_1_86' title='bbox 727 1125 918 1167; x_wconf 90' lang='lat' dir='ltr'>Euboico</span> <span class='ocrx_word' id='word_1_87' title='bbox 953 1125 1125 1179; x_wconf 87' lang='lat' dir='ltr'>capient</span> <span class='ocrx_word' id='word_1_88' title='bbox 1157 1125 1372 1167; x_wconf 86' lang='lat' dir='ltr'>manantis</span> <span class='ocrx_word' id='word_1_89' title='bbox 1407 1124 1461 1167; x_wconf 90' lang='lat' dir='ltr'>ab</span> <span class='ocrx_word' id='word_1_90' title='bbox 1495 1138 1566 1167; x_wconf 92' lang='lat' dir='ltr'>ore</span> 
     </span>
     <span class='ocr_line' id='line_1_22' title="bbox 499 1197 1492 1252; baseline -0.001 -12"><span class='ocrx_word' id='word_1_91' title='bbox 499 1198 686 1252; x_wconf 84' lang='lat' dir='ltr'>Virginis</span> <span class='ocrx_word' id='word_1_92' title='bbox 721 1197 876 1248; x_wconf 73' lang='lat' dir='ltr'>edocti,</span> <span class='ocrx_word' id='word_1_93' title='bbox 909 1197 1024 1239; x_wconf 90' lang='lat' dir='ltr'>lecta</span> <span class='ocrx_word' id='word_1_94' title='bbox 1056 1197 1286 1239; x_wconf 87' lang='lat' dir='ltr'>comitante</span> <span class='ocrx_word' id='word_1_95' title='bbox 1320 1210 1492 1239; x_wconf 89' lang='lat' dir='ltr'>corona.</span> 
     </span>
     <span class='ocr_line' id='line_1_23' title="bbox 500 1267 1673 1323; baseline -0.002 -12"><span class='ocrx_word' id='word_1_96' title='bbox 500 1269 715 1321; x_wconf 85' lang='lat' dir='ltr'>Desierat,</span> <span class='ocrx_word' id='word_1_97' title='bbox 749 1269 927 1310; x_wconf 86' lang='lat' dir='ltr'>Martem</span> <span class='ocrx_word' id='word_1_98' title='bbox 960 1269 1151 1323; x_wconf 85' lang='lat' dir='ltr'>genitum</span> <span class='ocrx_word' id='word_1_99' title='bbox 1185 1268 1418 1321; x_wconf 90' lang='lat' dir='ltr'>Martisque</span> <span class='ocrx_word' id='word_1_100' title='bbox 1454 1267 1673 1318; x_wconf 83' lang='lat' dir='ltr'>Quirinum</span> 
     </span>
     <span class='ocr_line' id='line_1_24' title="bbox 503 1339 1628 1394; baseline -0.003 -11"><span class='ocrx_word' id='word_1_101' title='bbox 503 1341 722 1383; x_wconf 85' lang='lat' dir='ltr'>Convocat</span> <span class='ocrx_word' id='word_1_102' title='bbox 752 1341 796 1382; x_wconf 90' lang='lat' dir='ltr'>in</span> <span class='ocrx_word' id='word_1_103' title='bbox 829 1345 969 1389; x_wconf 80' lang='lat' dir='ltr'>cetum</span> <span class='ocrx_word' id='word_1_104' title='bbox 1003 1340 1169 1394; x_wconf 86' lang='lat' dir='ltr'>superis</span> <span class='ocrx_word' id='word_1_105' title='bbox 1198 1339 1440 1381; x_wconf 88' lang='lat' dir='ltr'>astantibus</span> <span class='ocrx_word' id='word_1_106' title='bbox 1473 1339 1628 1380; x_wconf 87' lang='lat' dir='ltr'>almum</span> 
     </span>
     <span class='ocr_line' id='line_1_25' title="bbox 501 1411 1571 1465; baseline -0.003 -10"><span class='ocrx_word' id='word_1_107' title='bbox 501 1414 712 1455; x_wconf 88' lang='lat' dir='ltr'>Actutum.</span> <span class='ocrx_word' id='word_1_108' title='bbox 750 1411 936 1453; x_wconf 86' lang='lat' dir='ltr'>Gradive</span> <span class='ocrx_word' id='word_1_109' title='bbox 969 1425 1118 1454; x_wconf 89' lang='lat' dir='ltr'>moves</span> <span class='ocrx_word' id='word_1_110' title='bbox 1153 1412 1223 1465; x_wconf 91' lang='lat' dir='ltr'>qui</span> <span class='ocrx_word' id='word_1_111' title='bbox 1255 1411 1412 1453; x_wconf 91' lang='lat' dir='ltr'>bellica</span> <span class='ocrx_word' id='word_1_112' title='bbox 1445 1411 1571 1464; x_wconf 84' lang='lat' dir='ltr'>signa</span> 
     </span>
    </p>

    <p class='ocr_par' dir='ltr' id='par_1_11' title="bbox 501 1483 1706 1965">
     <span class='ocr_line' id='line_1_26' title="bbox 501 1483 1574 1537; baseline -0.002 -11"><span class='ocrx_word' id='word_1_113' title='bbox 501 1486 554 1526; x_wconf 87' lang='lat' dir='ltr'>Et</span> <span class='ocrx_word' id='word_1_114' title='bbox 586 1485 680 1526; x_wconf 88' lang='lat' dir='ltr'>fera</span> <span class='ocrx_word' id='word_1_115' title='bbox 712 1498 806 1526; x_wconf 90' lang='lat' dir='ltr'>cum</span> <span class='ocrx_word' id='word_1_116' title='bbox 839 1484 954 1525; x_wconf 89' lang='lat' dir='ltr'>lituis</span> <span class='ocrx_word' id='word_1_117' title='bbox 985 1483 1182 1525; x_wconf 88' lang='lat' dir='ltr'>incendis</span> <span class='ocrx_word' id='word_1_118' title='bbox 1215 1483 1399 1525; x_wconf 89' lang='lat' dir='ltr'>classica</span> <span class='ocrx_word' id='word_1_119' title='bbox 1431 1494 1574 1537; x_wconf 73' lang='lat' dir='ltr'>pugne</span> 
     </span>
     <span class='ocr_line' id='line_1_27' title="bbox 502 1553 1706 1611; baseline -0.003 -14"><span class='ocrx_word' id='word_1_120' title='bbox 502 1557 682 1611; x_wconf 88' lang='lat' dir='ltr'>Percipe</span> <span class='ocrx_word' id='word_1_121' title='bbox 706 1553 751 1609; x_wconf 75' lang='lat' dir='ltr'>(l)</span> <span class='ocrx_word' id='word_1_122' title='bbox 775 1569 856 1608; x_wconf 92' lang='lat' dir='ltr'>que</span> <span class='ocrx_word' id='word_1_123' title='bbox 876 1555 1076 1607; x_wconf 75' lang='lat' dir='ltr'>referam,</span> <span class='ocrx_word' id='word_1_124' title='bbox 1101 1554 1202 1607; x_wconf 90' lang='lat' dir='ltr'>quid</span> <span class='ocrx_word' id='word_1_125' title='bbox 1222 1555 1396 1608; x_wconf 90' lang='lat' dir='ltr'>publica</span> <span class='ocrx_word' id='word_1_126' title='bbox 1419 1567 1521 1595; x_wconf 88' lang='lat' dir='ltr'>cura</span> <span class='ocrx_word' id='word_1_127' title='bbox 1540 1553 1706 1595; x_wconf 89' lang='lat' dir='ltr'>iubebit</span> 
     </span>
     <span class='ocr_line' id='line_1_28' title="bbox 504 1624 1701 1679; baseline -0.004 -9"><span class='ocrx_word' id='word_1_128' title='bbox 504 1628 693 1670; x_wconf 82' lang='lat' dir='ltr'>Concilio</span> <span class='ocrx_word' id='word_1_129' title='bbox 726 1628 769 1669; x_wconf 91' lang='lat' dir='ltr'>in</span> <span class='ocrx_word' id='word_1_130' title='bbox 803 1640 926 1668; x_wconf 90' lang='lat' dir='ltr'>sacro</span> <span class='ocrx_word' id='word_1_131' title='bbox 958 1626 1036 1667; x_wconf 90' lang='lat' dir='ltr'>tibi</span> <span class='ocrx_word' id='word_1_132' title='bbox 1067 1639 1252 1679; x_wconf 86' lang='lat' dir='ltr'>namque</span> <span class='ocrx_word' id='word_1_133' title='bbox 1285 1626 1507 1667; x_wconf 86' lang='lat' dir='ltr'>facessere</span> <span class='ocrx_word' id='word_1_134' title='bbox 1533 1624 1701 1679; x_wconf 87' lang='lat' dir='ltr'>prodet.</span> 
     </span>
     <span class='ocr_line' id='line_1_29' title="bbox 505 1696 1615 1752; baseline -0.005 -10"><span class='ocrx_word' id='word_1_135' title='bbox 505 1700 575 1742; x_wconf 81' lang='lat' dir='ltr'>Sic</span> <span class='ocrx_word' id='word_1_136' title='bbox 606 1699 771 1741; x_wconf 90' lang='lat' dir='ltr'>libitum</span> <span class='ocrx_word' id='word_1_137' title='bbox 805 1698 915 1740; x_wconf 90' lang='lat' dir='ltr'>divis</span> <span class='ocrx_word' id='word_1_138' title='bbox 947 1710 1155 1752; x_wconf 89' lang='lat' dir='ltr'>properes</span> <span class='ocrx_word' id='word_1_139' title='bbox 1187 1704 1233 1738; x_wconf 90' lang='lat' dir='ltr'>ut</span> <span class='ocrx_word' id='word_1_140' title='bbox 1266 1697 1437 1739; x_wconf 91' lang='lat' dir='ltr'>nomine</span> <span class='ocrx_word' id='word_1_141' title='bbox 1471 1696 1615 1738; x_wconf 89' lang='lat' dir='ltr'>divum</span> 
     </span>
     <span class='ocr_line' id='line_1_30' title="bbox 503 1768 1505 1824; baseline -0.003 -11"><span class='ocrx_word' id='word_1_142' title='bbox 503 1770 714 1824; x_wconf 89' lang='lat' dir='ltr'>Ideasque</span> <span class='ocrx_word' id='word_1_143' title='bbox 749 1770 857 1811; x_wconf 87' lang='lat' dir='ltr'>citus</span> <span class='ocrx_word' id='word_1_144' title='bbox 890 1769 1019 1811; x_wconf 91' lang='lat' dir='ltr'>sedes</span> <span class='ocrx_word' id='word_1_145' title='bbox 1053 1774 1094 1809; x_wconf 90' lang='lat' dir='ltr'>et</span> <span class='ocrx_word' id='word_1_146' title='bbox 1127 1768 1341 1822; x_wconf 84' lang='lat' dir='ltr'>Pergama</span> <span class='ocrx_word' id='word_1_147' title='bbox 1372 1768 1505 1810; x_wconf 89' lang='lat' dir='ltr'>Rome</span> 
     </span>
     <span class='ocr_line' id='line_1_31' title="bbox 503 1838 1576 1895; baseline -0.002 -12"><span class='ocrx_word' id='word_1_148' title='bbox 503 1843 719 1895; x_wconf 80' lang='lat' dir='ltr'>Mixtaque</span> <span class='ocrx_word' id='word_1_149' title='bbox 752 1840 1013 1882; x_wconf 89' lang='lat' dir='ltr'>Pannonicis</span> <span class='ocrx_word' id='word_1_150' title='bbox 1044 1840 1226 1881; x_wconf 88' lang='lat' dir='ltr'>intrabis</span> <span class='ocrx_word' id='word_1_151' title='bbox 1259 1839 1401 1888; x_wconf 78' lang='lat' dir='ltr'>menia</span> <span class='ocrx_word' id='word_1_152' title='bbox 1433 1838 1576 1881; x_wconf 88' lang='lat' dir='ltr'>muris.</span> 
     </span>
     <span class='ocr_line' id='line_1_32' title="bbox 504 1911 1540 1965; baseline -0.004 -10"><span class='ocrx_word' id='word_1_153' title='bbox 504 1913 688 1955; x_wconf 79' lang='lat' dir='ltr'>Nuntius</span> <span class='ocrx_word' id='word_1_154' title='bbox 721 1912 790 1954; x_wconf 91' lang='lat' dir='ltr'>hic</span> <span class='ocrx_word' id='word_1_155' title='bbox 822 1911 933 1954; x_wconf 90' lang='lat' dir='ltr'>fidus</span> <span class='ocrx_word' id='word_1_156' title='bbox 965 1911 1100 1953; x_wconf 86' lang='lat' dir='ltr'>nostri</span> <span class='ocrx_word' id='word_1_157' title='bbox 1132 1918 1176 1952; x_wconf 92' lang='lat' dir='ltr'>tu</span> <span class='ocrx_word' id='word_1_158' title='bbox 1208 1911 1400 1965; x_wconf 80' lang='lat' dir='ltr'>pignoris</span> <span class='ocrx_word' id='word_1_159' title='bbox 1434 1917 1540 1952; x_wconf 89' lang='lat' dir='ltr'>esto.</span> 
     </span>
    </p>

    <p class='ocr_par' dir='ltr' id='par_1_12' title="bbox 503 1981 1683 2539">
     <span class='ocr_line' id='line_1_33' title="bbox 503 1981 1603 2040; baseline -0.004 -14"><span class='ocrx_word' id='word_1_160' title='bbox 503 1986 580 2027; x_wconf 88' lang='lat' dir='ltr'>His</span> <span class='ocrx_word' id='word_1_161' title='bbox 613 1985 733 2040; x_wconf 89' lang='lat' dir='ltr'>aperi</span> <span class='ocrx_word' id='word_1_162' title='bbox 765 1989 924 2025; x_wconf 89' lang='lat' dir='ltr'>sortem</span> <span class='ocrx_word' id='word_1_163' title='bbox 957 1988 999 2024; x_wconf 91' lang='lat' dir='ltr'>et</span> <span class='ocrx_word' id='word_1_164' title='bbox 1030 1996 1165 2037; x_wconf 82' lang='lat' dir='ltr'>regno</span> <span class='ocrx_word' id='word_1_165' title='bbox 1199 1982 1396 2024; x_wconf 89' lang='lat' dir='ltr'>consulta</span> <span class='ocrx_word' id='word_1_166' title='bbox 1428 1981 1603 2023; x_wconf 89' lang='lat' dir='ltr'>deorum</span> 
     </span>
     <span class='ocr_line' id='line_1_34' title="bbox 507 2053 1683 2110; baseline -0.004 -12"><span class='ocrx_word' id='word_1_167' title='bbox 507 2057 829 2110; x_wconf 89' lang='lat' dir='ltr'>Circumspecta</span> <span class='ocrx_word' id='word_1_168' title='bbox 861 2068 991 2109; x_wconf 88' lang='lat' dir='ltr'>super</span> <span class='ocrx_word' id='word_1_169' title='bbox 1021 2054 1208 2108; x_wconf 83' lang='lat' dir='ltr'>Phrigiis</span> <span class='ocrx_word' id='word_1_170' title='bbox 1243 2061 1284 2096; x_wconf 90' lang='lat' dir='ltr'>et</span> <span class='ocrx_word' id='word_1_171' title='bbox 1318 2053 1510 2108; x_wconf 88' lang='lat' dir='ltr'>pondere</span> <span class='ocrx_word' id='word_1_172' title='bbox 1543 2066 1683 2094; x_wconf 89' lang='lat' dir='ltr'>rerum</span> 
     </span>
     <span class='ocr_line' id='line_1_35' title="bbox 505 2124 1673 2180; baseline -0.003 -11"><span class='ocrx_word' id='word_1_173' title='bbox 505 2129 704 2170; x_wconf 89' lang='lat' dir='ltr'>Protinus</span> <span class='ocrx_word' id='word_1_174' title='bbox 735 2127 951 2179; x_wconf 78' lang='lat' dir='ltr'>incedant,</span> <span class='ocrx_word' id='word_1_175' title='bbox 987 2139 1080 2168; x_wconf 91' lang='lat' dir='ltr'>cum</span> <span class='ocrx_word' id='word_1_176' title='bbox 1113 2126 1293 2180; x_wconf 92' lang='lat' dir='ltr'>primum</span> <span class='ocrx_word' id='word_1_177' title='bbox 1326 2124 1493 2178; x_wconf 87' lang='lat' dir='ltr'>ceperis</span> <span class='ocrx_word' id='word_1_178' title='bbox 1526 2124 1673 2165; x_wconf 90' lang='lat' dir='ltr'>urbem</span> 
     </span>
     <span class='ocr_line' id='line_1_36' title="bbox 506 2196 1504 2249; baseline -0.005 -8"><span class='ocrx_word' id='word_1_179' title='bbox 506 2199 708 2241; x_wconf 89' lang='lat' dir='ltr'>Vestibus</span> <span class='ocrx_word' id='word_1_180' title='bbox 741 2198 880 2240; x_wconf 87' lang='lat' dir='ltr'>ornati</span> <span class='ocrx_word' id='word_1_181' title='bbox 911 2198 1061 2248; x_wconf 85' lang='lat' dir='ltr'>Latiis,</span> <span class='ocrx_word' id='word_1_182' title='bbox 1097 2204 1299 2249; x_wconf 89' lang='lat' dir='ltr'>ostroque</span> <span class='ocrx_word' id='word_1_183' title='bbox 1333 2196 1504 2237; x_wconf 89' lang='lat' dir='ltr'>rubenti</span> 
     </span>
     <span class='ocr_line' id='line_1_37' title="bbox 505 2267 1680 2323; baseline -0.004 -11"><span class='ocrx_word' id='word_1_184' title='bbox 505 2271 769 2323; x_wconf 88' lang='lat' dir='ltr'>Patritioque</span> <span class='ocrx_word' id='word_1_185' title='bbox 803 2269 940 2323; x_wconf 81' lang='lat' dir='ltr'>gradu</span> <span class='ocrx_word' id='word_1_186' title='bbox 973 2269 1178 2310; x_wconf 88' lang='lat' dir='ltr'>famulum</span> <span class='ocrx_word' id='word_1_187' title='bbox 1213 2267 1469 2322; x_wconf 87' lang='lat' dir='ltr'>splendente</span> <span class='ocrx_word' id='word_1_188' title='bbox 1503 2273 1680 2308; x_wconf 88' lang='lat' dir='ltr'>caterva</span> 
     </span>
     <span class='ocr_line' id='line_1_38' title="bbox 506 2340 1480 2395; baseline -0.005 -11"><span class='ocrx_word' id='word_1_189' title='bbox 506 2341 735 2390; x_wconf 68' lang='lat' dir='ltr'>Hectoridc</span> <span class='ocrx_word' id='word_1_190' title='bbox 769 2341 914 2395; x_wconf 82' lang='lat' dir='ltr'>magni</span> <span class='ocrx_word' id='word_1_191' title='bbox 946 2340 1060 2389; x_wconf 77' lang='lat' dir='ltr'>fame</span> <span class='ocrx_word' id='word_1_192' title='bbox 1093 2340 1266 2381; x_wconf 87' lang='lat' dir='ltr'>maioris</span> <span class='ocrx_word' id='word_1_193' title='bbox 1300 2345 1480 2380; x_wconf 90' lang='lat' dir='ltr'>aventes</span> 
     </span>
     <span class='ocr_line' id='line_1_39' title="bbox 508 2409 1658 2464; baseline -0.004 -9"><span class='ocrx_word' id='word_1_194' title='bbox 508 2414 740 2455; x_wconf 88' lang='lat' dir='ltr'>Cumanam</span> <span class='ocrx_word' id='word_1_195' title='bbox 775 2412 830 2454; x_wconf 90' lang='lat' dir='ltr'>ad</span> <span class='ocrx_word' id='word_1_196' title='bbox 863 2412 1011 2454; x_wconf 86' lang='lat' dir='ltr'>sedem</span> <span class='ocrx_word' id='word_1_197' title='bbox 1045 2418 1301 2464; x_wconf 88' lang='lat' dir='ltr'>sacrataque</span> <span class='ocrx_word' id='word_1_198' title='bbox 1334 2416 1450 2452; x_wconf 91' lang='lat' dir='ltr'>tecta</span> <span class='ocrx_word' id='word_1_199' title='bbox 1483 2409 1658 2463; x_wconf 79' lang='lat' dir='ltr'>Sybille.</span> 
     </span>
     <span class='ocr_line' id='line_1_40' title="bbox 506 2480 1545 2539; baseline -0.004 -13"><span class='ocrx_word' id='word_1_200' title='bbox 506 2485 597 2527; x_wconf 86' lang='lat' dir='ltr'>Illic</span> <span class='ocrx_word' id='word_1_201' title='bbox 629 2484 850 2539; x_wconf 83' lang='lat' dir='ltr'>egregium</span> <span class='ocrx_word' id='word_1_202' title='bbox 882 2483 977 2526; x_wconf 90' lang='lat' dir='ltr'>visu</span> <span class='ocrx_word' id='word_1_203' title='bbox 1010 2483 1208 2536; x_wconf 76' lang='lat' dir='ltr'>facieque</span> <span class='ocrx_word' id='word_1_204' title='bbox 1233 2480 1278 2536; x_wconf 86' lang='lat'>(1)</span> <span class='ocrx_word' id='word_1_205' title='bbox 1313 2482 1545 2536; x_wconf 90' lang='lat' dir='ltr'>superbum</span> 
     </span>
    </p>

    <p class='ocr_par' dir='ltr' id='par_1_13' title="bbox 508 2552 1731 2965">
     <span class='ocr_line' id='line_1_41' title="bbox 509 2552 1705 2608; baseline -0.003 -13"><span class='ocrx_word' id='word_1_206' title='bbox 509 2556 592 2597; x_wconf 79' lang='lat' dir='ltr'>Ore</span> <span class='ocrx_word' id='word_1_207' title='bbox 626 2556 908 2597; x_wconf 81' lang='lat' dir='ltr'>excellentem</span> <span class='ocrx_word' id='word_1_208' title='bbox 942 2560 984 2596; x_wconf 90' lang='lat' dir='ltr'>et</span> <span class='ocrx_word' id='word_1_209' title='bbox 1016 2553 1189 2595; x_wconf 89' lang='lat' dir='ltr'>laudum</span> <span class='ocrx_word' id='word_1_210' title='bbox 1223 2567 1300 2608; x_wconf 89' lang='lat' dir='ltr'>spe</span> <span class='ocrx_word' id='word_1_211' title='bbox 1333 2552 1463 2595; x_wconf 87' lang='lat' dir='ltr'>corda</span> <span class='ocrx_word' id='word_1_212' title='bbox 1485 2559 1705 2606; x_wconf 85' lang='lat' dir='ltr'>gerentem</span> 
     </span>
     <span class='ocr_line' id='line_1_42' title="bbox 508 2622 1731 2681; baseline -0.005 -12"><span class='ocrx_word' id='word_1_213' title='bbox 508 2628 754 2669; x_wconf 90' lang='lat' dir='ltr'>Preclarum</span> <span class='ocrx_word' id='word_1_214' title='bbox 786 2627 938 2681; x_wconf 87' lang='lat' dir='ltr'>clypeo</span> <span class='ocrx_word' id='word_1_215' title='bbox 973 2631 1015 2667; x_wconf 88' lang='lat' dir='ltr'>et</span> <span class='ocrx_word' id='word_1_216' title='bbox 1042 2630 1281 2679; x_wconf 87' lang='lat' dir='ltr'>spectatum</span> <span class='ocrx_word' id='word_1_217' title='bbox 1314 2623 1569 2665; x_wconf 88' lang='lat' dir='ltr'>immanibus</span> <span class='ocrx_word' id='word_1_218' title='bbox 1592 2622 1731 2664; x_wconf 89' lang='lat' dir='ltr'>hastis</span> 
     </span>
     <span class='ocr_line' id='line_1_43' title="bbox 509 2695 1718 2752; baseline -0.005 -12"><span class='ocrx_word' id='word_1_219' title='bbox 509 2698 782 2752; x_wconf 91' lang='lat' dir='ltr'>Comperient</span> <span class='ocrx_word' id='word_1_220' title='bbox 813 2710 973 2751; x_wconf 82' lang='lat' dir='ltr'>regem,</span> <span class='ocrx_word' id='word_1_221' title='bbox 1008 2710 1102 2738; x_wconf 90' lang='lat' dir='ltr'>cum</span> <span class='ocrx_word' id='word_1_222' title='bbox 1137 2695 1295 2737; x_wconf 87' lang='lat' dir='ltr'>Cesare</span> <span class='ocrx_word' id='word_1_223' title='bbox 1328 2695 1445 2737; x_wconf 85' lang='lat' dir='ltr'>bella</span> <span class='ocrx_word' id='word_1_224' title='bbox 1476 2700 1718 2736; x_wconf 87' lang='lat' dir='ltr'>moventem</span> 
     </span>
     <span class='ocr_line' id='line_1_44' title="bbox 509 2767 1710 2822; baseline -0.005 -11"><span class='ocrx_word' id='word_1_225' title='bbox 509 2770 870 2822; x_wconf 87' lang='lat' dir='ltr'>Tractantemque</span> <span class='ocrx_word' id='word_1_226' title='bbox 904 2781 1054 2809; x_wconf 91' lang='lat' dir='ltr'>manus</span> <span class='ocrx_word' id='word_1_227' title='bbox 1086 2767 1197 2808; x_wconf 87' lang='lat' dir='ltr'>inter</span> <span class='ocrx_word' id='word_1_228' title='bbox 1229 2779 1457 2808; x_wconf 87' lang='lat' dir='ltr'>numerosa</span> <span class='ocrx_word' id='word_1_229' title='bbox 1487 2770 1710 2820; x_wconf 89' lang='lat' dir='ltr'>potentum</span> 
     </span>
     <span class='ocr_line' id='line_1_45' title="bbox 510 2836 1571 2895; baseline -0.005 -13"><span class='ocrx_word' id='word_1_230' title='bbox 510 2841 706 2895; x_wconf 82' lang='lat' dir='ltr'>Agmina,</span> <span class='ocrx_word' id='word_1_231' title='bbox 738 2841 823 2881; x_wconf 88' lang='lat' dir='ltr'>iam</span> <span class='ocrx_word' id='word_1_232' title='bbox 855 2845 1002 2881; x_wconf 88' lang='lat' dir='ltr'>natum</span> <span class='ocrx_word' id='word_1_233' title='bbox 1033 2838 1156 2880; x_wconf 89' lang='lat' dir='ltr'>terris</span> <span class='ocrx_word' id='word_1_234' title='bbox 1189 2838 1414 2880; x_wconf 88' lang='lat' dir='ltr'>foelicibus</span> <span class='ocrx_word' id='word_1_235' title='bbox 1448 2836 1571 2878; x_wconf 87' lang='lat' dir='ltr'>annis</span> 
     </span>
     <span class='ocr_line' id='line_1_46' title="bbox 511 2908 1670 2965; baseline -0.006 -11"><span class='ocrx_word' id='word_1_236' title='bbox 511 2911 736 2965; x_wconf 86' lang='lat' dir='ltr'>Ungaricis</span> <span class='ocrx_word' id='word_1_237' title='bbox 768 2910 939 2965; x_wconf 90' lang='lat' dir='ltr'>proprio</span> <span class='ocrx_word' id='word_1_238' title='bbox 972 2910 1150 2952; x_wconf 88' lang='lat' dir='ltr'>credant</span> <span class='ocrx_word' id='word_1_239' title='bbox 1178 2909 1230 2951; x_wconf 92' lang='lat' dir='ltr'>de</span> <span class='ocrx_word' id='word_1_240' title='bbox 1255 2908 1465 2962; x_wconf 84' lang='lat' dir='ltr'>sanguine</span> <span class='ocrx_word' id='word_1_241' title='bbox 1499 2913 1670 2949; x_wconf 81' lang='lat' dir='ltr'>cretum.</span> 
     </span>
    </p>
   </div>
  </div>
 </body>
</html>
