1898 3278
1530 157 1574 190 77

304 336 341 376 p.
375 321 443 364 54.
468 322 538 364 55.
577 320 746 363 Caelius
784 321 871 362 Cal.
905 322 1061 363 Jacobo
1096 323 1285 378 Zieylero
1320 323 1361 365 S.

211 450 219 457 .
253 450 259 456 .
291 449 297 456 .
329 415 456 468 Atqui
487 415 634 457 literas
676 422 772 456 tuas
805 416 985 470 principi
1029 430 1124 458 meo
1168 417 1349 469 reddidi,
1389 426 1430 460 et
1463 432 1576 460 com-

90 486 338 527 modissimo
362 485 533 538 quidem
553 487 662 537 1000,
683 486 725 527 id
744 493 809 528 est
836 500 962 539 quom
990 487 1111 528 daret
1130 488 1202 529 ille
1223 502 1397 542 operam
1421 488 1573 530 studiis

92 557 395 598 secretioribus
440 557 654 598 abdicatis
700 557 894 598 omnibus
939 557 1123 609 arbitris,
1169 566 1370 612 essetque
1410 573 1575 601 summa

90 627 294 681 loquendi
325 627 567 681 impunitas.
614 661 622 669 .
656 662 663 669 .
694 662 701 668 .
733 628 788 668 At
818 628 890 669 ille
929 634 1017 669 tum
1054 629 1188 670 literis
1221 630 1318 680 tuis,
1358 638 1445 671 tum
1477 644 1576 671 mea

92 697 495 740 commemoratione
540 697 715 739 mirifice
747 698 865 739 visus
899 704 941 740 et
973 711 1117 740 amore
1163 713 1214 741 ac
1255 700 1469 742 desiderio
1502 708 1575 742 tuo

91 769 282 821 accendi,
329 776 370 810 et
415 774 603 809 actutum
648 769 1032 823 Meteoroscopium
1079 769 1132 810 de
1179 784 1261 823 quo
1300 772 1573 822 mentionem,

90 840 290 889 feceram,
337 839 502 881 accersi
540 839 688 889 iussit3
735 840 847 892 quod
881 853 1013 894 saepe
1059 853 1187 881 manu
1232 848 1421 883 tractans
1459 842 1574 883 miris

89 911 288 952 laudibus
322 910 648 961 commendavit,
684 910 751 951 cui
784 924 980 963 quaeque
1014 913 1150 966 portio
1197 912 1481 966 speculationi
1513 913 1573 953 in-

90 982 268 1023 serviret
310 981 575 1035 perquirens.
632 981 844 1022 Libellum
897 982 1025 1023 etiam
1071 983 1353 1025 enarrationis
1399 983 1575 1037 (melyet

90 1053 263 1106 Ziegler
300 1050 367 1106 irt)
415 1052 627 1105 suggessi,
673 1065 797 1105 quem
832 1053 989 1094 evolvit
1023 1054 1210 1108 saepius,
1257 1067 1389 1107 seque
1434 1055 1490 1096 ad
1524 1068 1577 1096 ea

91 1124 232 1165 studia
281 1121 332 1177 (si
379 1123 550 1176 quando
599 1123 736 1164 ocium
783 1124 1002 1177 suppetet)
1049 1125 1254 1166 anhelare
1304 1125 1574 1179 significavit.

90 1194 309 1236 Mandavit
354 1195 481 1235 etiam
526 1195 628 1235 mihi
659 1200 704 1235 ut
747 1195 803 1236 ad
838 1201 880 1236 te
914 1196 1137 1244 seiberem,
1183 1203 1229 1238 ut
1260 1197 1387 1239 isthic
1424 1197 1575 1238 Budae

90 1266 171 1307 hoc
193 1265 332 1319 ipsum
361 1279 581 1318 organum,
616 1266 660 1307 id
684 1273 749 1308 est
771 1266 1158 1321 Meteoroscopium
1182 1281 1355 1309 aereum
1377 1268 1458 1310 sibi
1480 1281 1574 1322 pro-

91 1350 262 1379 curares
296 1335 411 1390 apud
444 1350 568 1389 quem
602 1338 716 1391 piam
748 1337 1001 1378 industrium
1035 1338 1254 1391 artificem,
1287 1339 1329 1379 in
1354 1352 1436 1392 quo
1465 1352 1574 1392 sym-

90 1408 241 1450 metria
273 1407 327 1449 ad
372 1408 576 1449 amussim
619 1409 894 1463 respondeat,
941 1416 983 1450 et
1016 1410 1069 1451 de
1102 1410 1247 1464 precio
1287 1416 1386 1452 ante
1433 1411 1575 1453 omnia

90 1480 336 1529 convenias,
371 1479 424 1520 de
459 1493 540 1532 quo
575 1493 699 1532 quom
733 1493 810 1521 nos
844 1480 1116 1522 admonueris
1162 1482 1303 1523 statim
1339 1482 1393 1523 ad
1425 1488 1467 1523 te
1501 1481 1575 1523 da-

90 1552 230 1592 bitur.
257 1585 263 1591 .
289 1585 297 1592 .
333 1550 664 1600 Quartodecimo
699 1551 914 1592 Calendas
946 1552 1152 1593 Novemb.
1184 1552 1335 1594 XVIII.
1370 1553 1513 1606 Agria.

344 1706 384 1746 p.
419 1691 488 1735 56.
539 1691 708 1733 Caelius
747 1691 834 1733 Cal.
867 1692 1022 1733 ‚Iacobo
1056 1692 1244 1748 Zieylero
1279 1694 1319 1735 S.

211 1822 218 1828 .
244 1822 250 1828 .
276 1821 282 1827 .
315 1787 430 1828 Nihil
463 1793 604 1828 autem
639 1788 912 1829 existimarim
948 1789 1210 1830 commodius
1245 1790 1299 1831 ad
1326 1790 1408 1831 hoc
1432 1796 1575 1831 votum

90 1865 279 1901 nostrum
302 1858 484 1899 feliciter
507 1858 763 1910 obeundum,
799 1872 923 1911 quam
948 1866 992 1900 ut
1025 1866 1113 1901 tute
1146 1861 1239 1914 ipse
1268 1860 1323 1902 ad
1346 1874 1424 1902 nos
1446 1861 1576 1901 animi

91 1931 243 1972 saltem
289 1929 428 1983 gratia
474 1929 625 1970 diebus
658 1929 859 1983 proximis
904 1931 1117 1971 nataliciis
1149 1931 1350 1985 recipias,
1388 1931 1501 1984 quod
1534 1938 1576 1972 et

90 2002 272 2056 principi
303 2007 405 2055 puto
438 2000 529 2042 fore
562 2001 875 2054 gratissimum;
910 2006 995 2042 tum
1031 2014 1157 2055 spero
1192 2015 1333 2043 coram
1368 2016 1446 2043 nos
1477 2016 1575 2044 con-

92 2072 326 2124 stituturos,
373 2071 486 2124 quod
529 2072 571 2112 in
616 2085 704 2113 rem
737 2072 1006 2126 potissimum
1041 2079 1082 2113 et
1116 2073 1439 2114 saluberrimum
1483 2074 1575 2115 fore

91 2143 298 2185 videatur.
333 2143 486 2184 Necte
508 2150 677 2183 moveat
709 2143 871 2184 viarum
905 2142 1191 2196 dispendium.
1226 2144 1352 2185 Bidui
1376 2144 1488 2185 enim
1512 2151 1577 2186 est

90 2215 170 2255 iter
201 2214 360 2256 homini
384 2214 511 2255 etiam
533 2214 752 2268 impedito.
787 2214 954 2254 Erimus
980 2220 1123 2255 autem
1148 2228 1233 2255 una
1256 2222 1462 2268 quotquot
1483 2216 1576 2257 dies

89 2285 183 2339 ipse
230 2285 427 2327 volueris.
481 2285 651 2326 Interim
699 2286 916 2339 specimen
956 2292 999 2325 et
1038 2292 1210 2338 gustum
1253 2285 1377 2327 dabis
1416 2286 1577 2340 ingenii

92 2369 246 2408 coram,
280 2356 333 2397 de
362 2369 443 2408 quo
478 2369 603 2408 quom
636 2357 769 2396 inulta
792 2356 1144 2409 praedicaverim,
1178 2370 1262 2398 non
1296 2356 1442 2399 dubito
1476 2358 1577 2409 quin

91 2440 158 2468 me
190 2427 233 2467 in
266 2440 318 2468 ea
349 2427 669 2482 praedicatione
703 2441 877 2482 parcum
910 2427 1044 2469 fuisse
1077 2429 1277 2483 princeps
1311 2430 1365 2470 sit
1398 2429 1574 2470 arbitra-

91 2503 222 2539 turus.
243 2497 372 2539 Cuius
396 2498 524 2539 etiam
542 2499 705 2539 itineris
728 2499 996 2540 occasionem
1016 2500 1085 2541 vel
1102 2499 1202 2540 hinc
1222 2506 1348 2553 potes
1373 2501 1575 2554 arripere,

93 2568 206 2620 quod
250 2569 492 2622 nuperrime
538 2569 739 2623 princeps
772 2569 874 2610 mihi
905 2569 1100 2618 iniunxit,
1137 2576 1182 2611 ut
1215 2570 1270 2611 ad
1302 2578 1344 2612 te
1379 2571 1574 2622 scribam,

93 2638 169 2680 des
194 2639 231 2680 ei
257 2652 429 2693 operam
453 2640 495 2680 in
518 2639 798 2681 emendandis
833 2640 1045 2692 quibusda
1068 2642 1409 2693 mvoluminibus,
1438 2642 1578 2683 Ptole-

91 2723 213 2751 maeo
247 2710 410 2752 scilicet
442 2712 702 2752 novissimae
723 2711 1018 2765 impressionis
1043 2712 1274 2757 Romanae,
1300 2726 1424 2765 quem
1449 2714 1575 2754 etiam

92 2780 260 2822 curabis
294 2782 516 2834 eleganter
548 2782 851 2836 compaginari.
884 2782 961 2823 Est
996 2782 1167 2834 quidem
1202 2783 1310 2824 alius
1335 2783 1449 2837 apud
1482 2797 1576 2836 nos,

91 2851 169 2892 sed
213 2851 492 2893 foedissimae
538 2853 707 2894 omnino
746 2853 1051 2906 impressionis.
1103 2853 1210 2895 Item
1244 2854 1444 2908 sphaera,
1489 2862 1576 2896 tam

92 2922 301 2963 materiali
334 2935 456 2975 quam
487 2923 743 2977 conscripta,
778 2924 868 2964 eius
890 2930 1016 2965 notae
1041 2937 1167 2976 quam
1191 2929 1235 2964 tu
1258 2925 1352 2977 ipse
1374 2925 1575 2978 optimam
