1919 3273
282 116 352 148 444

284 259 478 312 aliosque
511 259 707 300 infideles
738 259 1032 313 praedicandi,
1057 261 1304 303 insinuandi
1326 262 1454 303 fidem
1478 262 1774 315 orthodoxam,

283 343 335 371 ac
368 330 710 372 ecclesiasticam
742 331 986 373 libertatem
1021 338 1062 373 et
1095 332 1212 373 sedis
1235 333 1501 387 apostolicae
1523 333 1774 387 dignitatem

283 410 327 442 et
360 401 565 442 honorem
599 401 876 454 defendendi,
912 410 953 444 et
985 404 1151 444 illorum
1184 404 1376 446 inimicos
1411 418 1488 446 seu
1521 405 1583 447 eis
1607 406 1776 458 quovis-

284 472 410 513 modo
444 473 729 514 adversantes
776 474 1067 528 expugnandi,
1115 488 1165 515 ac
1198 475 1306 515 alios
1339 475 1519 516 idoneos
1554 475 1776 529 praedica-

284 551 399 585 tores
432 545 526 585 1000
560 545 633 595 tui,
668 545 741 586 ubi
774 551 815 586 et
849 546 1046 598 quotiens
1080 546 1157 587 tibi
1184 546 1420 599 expediens
1442 546 1656 588 videbitur
1679 547 1776 589 sub-

284 614 489 655 stituendi
523 621 564 656 et
598 615 865 669 surrogandi,
900 617 1069 670 aliaque
1104 618 1246 658 omnia
1279 624 1321 657 et
1349 618 1531 671 singula,
1567 631 1676 670 quae
1700 632 1776 673 pro

283 685 387 726 fidei
432 686 675 727 huiusmodi
721 686 975 728 defensione
1023 694 1064 728 et
1110 688 1385 739 exaltatione,
1432 701 1483 728 ac
1516 702 1702 730 errorum
1736 697 1777 730 et

285 756 513 797 haeresum
538 757 854 811 profligatione,
878 765 920 800 et·
942 758 1177 800 infidelium
1202 759 1508 809 confutatione,
1533 773 1584 800 ao
1608 767 1777 814 aposto-

283 828 393 869 licae
428 828 546 869 sedis
594 828 850 870 defensione
896 830 1144 871 necessaria
1179 837 1221 871 et
1254 837 1465 884 oportuna
1510 831 1776 884 cognoveris,

283 899 486 951 faciendi,
522 900 752 941 exercendi
787 907 829 941 et
863 900 1106 953 exequendi
1138 902 1310 954 plenam
1345 908 1387 941 et
1419 901 1598 942 liberam
1631 910 1776 943 aucto-

283 971 409 1011 ritate
443 971 684 1024 apostolica
719 977 868 1013 tenore
896 973 1189 1025 praesentium
1214 972 1489 1013 concedimus
1512 972 1776 1024 facultatem,

286 1042 520 1083 districtius
565 1042 811 1084 inhibentes
857 1043 1053 1083 omnibus
1100 1049 1142 1083 et
1187 1043 1368 1096 singulis
1412 1043 1777 1098 Archiepiscopis,

283 1113 512 1167 Episcopis
547 1122 589 1154 et
623 1114 718 1154 aliis
751 1114 941 1155 locorum
975 1114 1202 1155 ordinariis
1236 1126 1278 1155 et
1310 1115 1533 1167 quibusvis
1567 1115 1662 1156 aliis
1683 1129 1778 1170 per-

284 1185 401 1225 sonis
449 1185 758 1226 ecclesiasticis
805 1192 847 1226 et
881 1186 1163 1237 secularibus,
1211 1186 1516 1239 cuiuscumque
1557 1186 1778 1239 dignitatis

283 1263 437 1307 status,
472 1256 648 1309 gradus,
695 1256 858 1298 ordinis
891 1257 961 1298 vel
993 1257 1252 1298 conditionis
1284 1256 1456 1308 fuerint,
1498 1257 1576 1298 sub
1611 1270 1776 1298 excom-

284 1328 587 1369 municationis
621 1342 777 1382 poena,
812 1342 940 1381 quam
974 1329 1151 1381 quilibet
1184 1335 1333 1369 contra
1354 1328 1521 1369 faciens
1543 1328 1638 1382 ipso
1661 1327 1777 1369 facto

284 1399 485 1451 incurrat,
532 1414 586 1441 110
620 1400 697 1441 tibi
728 1400 771 1440 in
804 1400 1054 1453 praemissis
1088 1414 1165 1454 per
1198 1413 1244 1441 se
1278 1400 1348 1441 vel
1381 1399 1509 1440 alium
1546 1412 1623 1440 seu
1655 1399 1778 1450 alios,

284 1471 446 1512 directe
480 1471 549 1512 vel
572 1471 780 1512 indirecte
817 1471 968 1524 quovis
1002 1472 1199 1524 quaesito
1234 1472 1375 1512 colore
1406 1470 1566 1523 aliquid
1598 1470 1778 1524 impedi-

284 1549 474 1583 mentum
497 1542 653 1583 afferre
678 1543 1000 1595 quomodolibet
1017 1549 1309 1596 praesumant,
1335 1542 1413 1583 sed
1436 1555 1586 1582 omnes
1606 1541 1778 1583 favores

285 1620 326 1654 et
357 1614 516 1654 auxilia
548 1614 626 1655 tibi
659 1628 709 1655 ac
731 1628 756 1656 a
779 1620 820 1655 te
845 1614 1171 1665 substituendis,
1195 1613 1367 1666 quando
1389 1613 1585 1666 requisiti
1606 1613 1778 1664 fuerint,

283 1685 397 1726 omni
431 1698 550 1726 mora
584 1691 626 1726 et
660 1686 973 1727 consultatione
1007 1692 1173 1726 remota
1194 1685 1367 1725 realiter
1388 1690 1624 1738 praestent.
1658 1684 1712 1724 Et
1734 1691 1780 1724 ut

283 1755 599 1797 Christifideles
630 1756 685 1798 ad
707 1757 969 1798 audiendum
992 1757 1169 1798 verbum
1193 1756 1276 1807 dei,
1307 1756 1505 1808 quotiens
1532 1755 1637 1796 illud
1658 1755 1780 1796 semi-

282 1828 375 1868 nari
409 1828 651 1881 contigerit,
699 1841 749 1869 eo
784 1828 1020 1869 ferventius
1055 1828 1310 1877 animentur,
1349 1840 1432 1880 quo
1467 1841 1518 1868 ex
1552 1827 1634 1868 hoc
1668 1826 1779 1867 dono

283 1899 489 1940 coelestis
523 1900 690 1953 gratiae
725 1900 1030 1953 conspexerint
1064 1912 1110 1939 se
1143 1898 1331 1939 refectos
1363 1933 1369 1939 .
1401 1932 1409 1940 .
1440 1932 1447 1939 .
1495 1897 1704 1940 Omnibus
1739 1904 1780 1938 et

284 1970 465 2023 singulis
500 1970 862 2012 Christifidelibus
895 1983 997 2012 vere
1030 1970 1325 2024 penitentibus
1360 1976 1402 2010 et
1435 1969 1662 2021 confessis,
1709 1969 1780 2022 qui

282 2041 679 2095 praedicationibus
726 2041 882 2083 devote
927 2041 1212 2086 interfuerint,
1260 2041 1457 2093 quotiens
1501 2040 1545 2082 id
1583 2040 1778 2091 fecerint,

284 2119 454 2154 eentum
499 2113 592 2154 dies
638 2113 691 2154 de
724 2113 926 2154 iniunctis
973 2113 1035 2154 eis
1080 2112 1327 2166 penitentiis
1373 2111 1706 2153 misericorditer
1736 2111 1779 2151 in

283 2183 454 2225 domino
479 2185 723 2225 relaxamus
750 2219 756 2225 .
785 2218 792 2225 .
821 2218 828 2225 .
863 2184 1021 2224 Datum
1055 2184 1217 2225 Romae
1239 2183 1354 2237 apud
1387 2189 1582 2224 sanctum
1604 2182 1779 2223 Petrum

283 2256 405 2296 Anno
450 2255 766 2297 Incarnationis
814 2255 1053 2296 dominicae
1087 2255 1312 2295 millesimo
1353 2252 1777 2306 quadringentesimo

283 2327 577 2379 octuagesimo
600 2327 739 2379 tertio,
775 2328 921 2379 quinto
943 2326 1039 2366 Kal.
1064 2325 1318 2367 Novembris
1342 2324 1623 2366 Pontificatus
1644 2323 1780 2365 nostri

284 2398 406 2438 Anno
440 2398 584 2438 Tertio
621 2397 801 2439 decimo.
