1898 3278
1536 169 1578 201 81

91 313 242 354 oculos
276 325 375 353 suos
414 312 586 353 amabat
608 318 650 353 et
673 311 740 352 cui
772 319 944 365 praeter
967 312 1159 352 Italicum
1181 312 1347 353 caelum
1368 311 1579 360 quondam

95 383 199 423 nihil
217 384 429 433 arriserat,
453 396 564 423 nunc
587 383 696 423 inter
718 382 1002 436 provinciales
1026 390 1121 423 tuos
1144 388 1357 433 versatum
1392 389 1433 423 et
1454 382 1579 422 homo

94 453 253 506 alioqui
284 453 397 506 frugi
428 454 512 494 iam
545 452 785 507 philotesiis
820 460 862 493 et
895 458 1214 506 συμπεριφοραῖς
1247 459 1465 506 provocat,
1500 466 1579 494 nec

94 539 240 567 rursus
287 525 419 566 eludit
463 530 760 578 provocantes,
812 523 935 573 Quod
969 525 1004 565 si
1038 530 1079 565 te
1125 537 1253 565 unum
1293 538 1345 565 ex
1385 523 1580 565 omnibus

95 596 358 651 propriorem
380 595 572 646 haberet,
607 595 737 635 multo
762 595 982 635 amoenius
1006 595 1269 636 saevientem
1297 595 1493 647 hyemem
1513 628 1519 634 .
1542 628 1548 635 .
1572 629 1579 635 .

95 667 349 708 traduceret.
386 666 510 715 Quod
543 680 636 707 cuni
657 666 844 707 locorum
867 666 1092 707 intervallo
1119 666 1285 718 utrique
1308 666 1581 707 interdictum

95 739 163 789 sit,
196 737 266 778 fac
299 736 437 787 ambo,
483 737 539 777 mi
573 736 844 787 Sebastiano,
884 744 929 777 ut
962 743 1049 777 tam
1083 737 1305 777 molestam
1340 737 1580 777 absentiam

93 808 361 849 creberrimis
403 808 552 848 saltem
600 807 732 848 literis
778 807 939 848 sarcias
972 838 978 845 .
1012 841 1018 847 .
1050 842 1057 848 ,
1090 841 1098 848 .
1145 807 1218 849 ΧΙ.
1262 807 1437 848 Calend.
1472 807 1579 848 febr.

95 879 148 920 Μ.
166 879 218 920 D.
236 878 388 919 XVIII.
423 879 564 931 Agria.

319 1034 358 1074 p.
392 1018 462 1062 SO.
511 1018 681 1060 Caelius
720 1018 808 1060 Cal.
843 1019 1052 1072 Episcopo
1086 1018 1278 1060 Vatz'ewsz'
1312 1019 1355 1060 S.

214 1127 374 1180 Accepi
407 1126 632 1179 epistolam
662 1132 703 1166 et
727 1139 821 1166 cum
846 1126 1028 1179 epistola
1057 1126 1245 1167 carmina
1272 1131 1439 1166 nomine
1464 1126 1581 1179 regio

96 1198 265 1252 scripta.
301 1197 487 1247 Quorum
520 1204 743 1249 utrumque
776 1197 836 1237 ita
869 1210 934 1237 me
970 1196 1180 1249 gravitate
1215 1202 1256 1237 et
1288 1197 1449 1237 mellita
1479 1210 1582 1249 qua—

95 1269 193 1310 dam
227 1269 437 1309 svavitate
472 1273 601 1317 tenet,
648 1275 691 1307 ut
725 1268 794 1308 vix
827 1267 967 1307 adhuc
1007 1274 1192 1308 mentem
1232 1268 1442 1320 colligam.
1492 1268 1582 1308 Hoc

97 1353 199 1393 ergo
233 1339 433 1392 quicquid
457 1346 535 1386 est,
570 1338 682 1391 quod
705 1338 1023 1379 tumultuarium
1046 1338 1234 1380 rescribo
1258 1337 1487 1379 dominatio
1511 1346 1583 1379 tua

96 1424 150 1452 ne
182 1423 436 1464 responsum
469 1416 602 1463 putet,
637 1409 714 1450 sed
747 1409 943 1463 responsi
977 1409 1246 1462 auspicium.
1273 1444 1280 1451 .
1309 1441 1316 1448 .
1351 1410 1493 1463 Agria.

126 1566 166 1605 p.
199 1549 269 1594 81.
322 1550 491 1592 Caelius
529 1549 617 1592 Gal.
645 1550 940 1593 Rem-endas.
976 1550 1186 1604 Episcopo
1219 1551 1475 1593 Vamdiesnsz‘
1508 1550 1551 1592 S.

214 1658 287 1698 Bis
309 1658 458 1711 accepi
480 1658 625 1698 literas
650 1658 727 1699 abs
751 1665 807 1707 te,
841 1658 902 1698 vir
926 1658 1056 1698 multo
1078 1658 1179 1698 mihi
1197 1658 1431 1710 literatura,
1457 1672 1584 1711 quam

97 1729 301 1770 Antistitii
335 1729 542 1782 dignitate
575 1729 844 1770 observande
870 1743 948 1770 nec
982 1743 1034 1769 ex
1054 1729 1106 1769 iis
1130 1730 1238 1770 ullas
1260 1734 1382 1781 aquis
1405 1736 1584 1771 vexatas

91 1799 391 1841 animadverti.
441 1799 522 1849 Qui
567 1800 678 1840 enim
711 1799 802 1840 fieri
834 1806 988 1853 potest,
1033 1806 1078 1840 ut
1110 1806 1197 1840 tam
1242 1800 1379 1841 bellas
1424 1801 1583 1851 literas,

96 1877 182 1912 tam
219 1870 442 1923 elegantes
475 1871 689 1912 Musarum
716 1870 908 1921 delicias,
943 1871 1061 1924 impii
1082 1871 1240 1912 imbres
1264 1871 1584 1926 conspurcent?

98 1955 228 1994 quare
261 1941 366 1982 nihil
399 1949 464 1983 est
498 1942 611 1995 quod
647 1942 725 1983 hac
748 1948 869 1996 parte
894 1942 1156 1996 expostules.
1191 1942 1300 1983 Illud
1322 1943 1462 1984 animo
1485 1943 1586 1983 mihi

97 2013 224 2066 plane
257 2012 633 2064 reformidandum,
680 2027 733 2054 ne
767 2014 915 2054 literae
962 2026 1083 2054 meae
1124 2026 1231 2066 quas
1265 2014 1465 2067 proximis
1499 2014 1586 2055 die-

97 2083 178 2125 bus
223 2083 278 2124 ad
310 2090 351 2124 te
386 2083 498 2134 dedi,
546 2084 817 2138 deperierint,
868 2097 993 2136 quom
1040 2084 1093 2125 de
1138 2084 1189 2124 iis
1230 2084 1333 2124 nihil
1374 2084 1475 2125 mihi
1513 2090 1586 2125 tua

98 2155 282 2208 epistola
315 2154 635 2207 significaveris.
681 2155 802 2205 Quae
837 2168 940 2196 sane
970 2155 1141 2208 jactura
1186 2169 1271 2196 non
1310 2155 1486 2196 multum
1519 2168 1585 2196 me

100 2231 302 2276 moveret,
324 2226 405 2266 nisi
429 2226 680 2267 subvererer
703 2226 901 2277 futurum,
921 2234 966 2267 ut
983 2233 1129 2266 tantae
1151 2232 1249 2266 tuae
1273 2226 1329 2266 im
1348 2239 1413 2266 me
1438 2226 1587 2266 huma-

99 2295 222 2336 nitati
252 2296 464 2349 ingratum
497 2310 689 2347 vocares,
713 2298 784 2349 qui
807 2311 873 2338 me
908 2297 1166 2338 doctissimis
1199 2297 1333 2337 literis
1367 2296 1421 2337 ad
1444 2297 1586 2338 amici-

100 2365 201 2407 tiam
232 2366 438 2418 invitaris,
472 2381 553 2421 ego
586 2381 687 2409 vero
722 2368 844 2421 quasi
877 2368 1062 2409 osciator
1094 2380 1179 2409 non
1205 2368 1489 2420 intelligerem
1511 2368 1588 2408 tibi

101 2444 305 2489 quantum
347 2438 562 2483 deberem,
609 2445 737 2491 atque
777 2439 918 2480 adhuc
961 2439 1188 2479 insinuatis
1232 2439 1428 2479 manibus
1472 2445 1588 2480 tace-

98 2521 212 2549 rem.
240 2542 246 2548 .
275 2542 281 2548 .
318 2508 516 2550 Carmina
545 2523 655 2562 quae
685 2510 913 2564 postulasti
946 2509 1001 2550 ad
1030 2515 1071 2549 te
1102 2510 1233 2561 mitto,
1271 2510 1584 2562 qualiacunque

101 2579 198 2620 sint.
250 2580 379 2620 Malui
424 2581 534 2621 enim
578 2581 845 2622 auctoritatis
893 2580 1127 2634 periculum
1174 2580 1305 2632 adire,
1352 2594 1477 2633 quam
1511 2580 1588 2621 tibi

102 2663 185 2690 non
219 2650 408 2703 obsequi.
448 2651 639 2692 Habebis
671 2652 853 2705 posthac
886 2651 1104 2692 Maronem
1138 2651 1271 2692 virum
1307 2651 1587 2692 clarissimum

102 2727 147 2762 ut
181 2721 308 2775 plane
342 2721 397 2762 ad
429 2722 642 2775 poeticam
677 2729 835 2774 natum,
870 2722 985 2775 apud
1019 2728 1073 2763 te.
1125 2720 1287 2763 Octavo
1327 2722 1422 2763 idus
1463 2722 1588 2763 Febr.

98 2791 389 2833 M.D.XVIII.
424 2793 567 2845 Agria.

171 3023 199 3050 J.
216 3016 315 3051 Amat:
339 3026 497 3052 ANALECTA
518 3035 604 3052 NOVA.
1425 3016 1445 3048 6
