1955 3278
83 419 151 454 735

85 772 153 807 740

85 1127 152 1163 745

83 1482 151 1518 750

85 1909 153 1945 755
163 1908 172 1929 ¹

84 2265 154 2300 760

87 2619 155 2654 765

1492 124 1563 159 317

228 267 484 309 Discurrunt
516 268 696 318 alacres,
730 268 837 309 alios
871 274 970 308 ante
1004 268 1157 309 emicat
1189 281 1327 317 ursus,

231 338 471 393 Conspicuo
506 338 710 380 devectus
743 351 866 391 equo,
901 339 1110 391 turbaque
1143 339 1377 380 ministrum

229 409 392 463 Insigni
424 409 667 463 precinctus
700 421 846 461 eques,
881 409 947 450 cui
980 409 1171 450 Barbara
1204 416 1317 450 terra

231 479 416 520 Cederet
449 485 490 520 et
523 479 622 520 totis
655 479 822 520 levibus
856 478 1082 532 Garganus
1115 479 1309 532 habenis7

229 549 313 590 Aut
346 550 520 604 sonipes
553 550 794 600 Numidum,
828 550 972 592 vultus
1004 550 1193 591 imitatus
1218 557 1440 603 equestres

229 620 324 662 Ibat
356 627 491 671 atrox,
526 621 718 674 patulum
750 620 951 674 pulsabat
984 627 1026 661 et
1049 621 1210 673 ungula
1232 634 1426 675 campum

229 692 369 759 Aegea
402 690 659 745 cornipedis,
693 704 896 745 rumpens
930 691 1177 744 hynnitibus
1212 705 1350 733 auras.

233 761 382 811 Qualis
413 762 456 803 in
489 761 712 803 horrisono
745 762 930 804 decurrit
962 762 1139 803 Martius
1171 763 1320 813 Hemo,

229 833 313 874 Aut
343 833 532 874 Hebrum
565 839 788 886 metasque
822 847 923 874 suas
957 833 1064 875 deus
1097 833 1288 874 ambulat
1321 847 1414 880 axe,

232 904 335 945 Cum
369 905 511 945 sonitu
544 904 791 958 aeripedum
825 904 1068 946 diverberat
1101 904 1278 946 aethera
1311 905 1413 946 miro

228 975 372 1016 Vestis
406 982 496 1016 erat
530 975 717 1016 demissa
750 975 952 1027 humeris7
988 981 1029 1016 et
1061 976 1261 1017 baltheus
1295 976 1437 1030 ampla

228 1046 412 1088 Pectora
444 1047 749 1100 complectens,
782 1047 937 1100 ingens
970 1047 1166 1100 fulgebat
1199 1054 1241 1088 et
1274 1047 1361 1088 acri

232 1117 347 1159 Ense
368 1117 495 1168 latus,
518 1117 747 1170 stabatque
769 1118 925 1168 nitens,
948 1118 1212 1172 pulcherque
1234 1131 1311 1172 per
1333 1131 1457 1159 omne

231 1188 407 1242 Corpus,
441 1194 484 1229 et
515 1188 558 1228 in
590 1202 747 1242 magno
779 1188 921 1230 fulvus
954 1202 1155 1230 mucrone
1188 1188 1347 1230 videre.

232 1258 462 1313 Spectatur
494 1259 613 1301 coelo
647 1259 847 1300 minitans
879 1265 925 1300 ut
959 1265 1142 1312 quantus
1177 1258 1319 1301 Orion.

229 1330 282 1371 Et
315 1331 481 1371 clavam
514 1330 648 1372 nitida
681 1330 920 1383 stringebat
954 1330 1124 1372 casside
1157 1330 1354 1381 frontem,

231 1401 492 1442 Hortabatur
525 1414 659 1443 ovans
694 1402 893 1443 comitum
927 1402 1097 1443 delecta
1130 1408 1383 1454 sequentum

230 1472 426 1526 Agmina,
461 1479 696 1514 conventus
729 1473 955 1514 mulcendo
987 1485 1090 1526 sepe
1123 1473 1334 1514 trahebat.

228 1543 283 1585 Et
315 1543 440 1585 dictis
472 1544 606 1585 lenire
639 1545 765 1594 viros,
800 1544 998 1597 dulcique
1030 1544 1176 1597 lepore

232 1614 462 1656 Solabatur
492 1615 584 1666 iter,
618 1615 797 1656 Martem
829 1615 1051 1669 patrieque
1084 1621 1305 1669 parentem

232 1685 532 1728 Persuadebat
565 1699 712 1739 eques,
746 1693 950 1740 superent
981 1693 1027 1727 ut
1060 1692 1195 1727 strata
1226 1692 1404 1739 repente

231 1757 383 1811 Longa
415 1757 488 1798 diu
518 1763 605 1798 tam
638 1758 732 1798 visa
766 1758 859 1809 sibi,
896 1771 991 1798 cum
1023 1757 1149 1798 tertia
1181 1757 1285 1797 luxit

232 1828 407 1870 Tithoni
438 1828 606 1870 Bothen
640 1828 763 1869 terris
797 1835 838 1869 et
870 1829 913 1868 in
946 1841 1131 1881 aequore
1166 1828 1351 1869 coniunx

230 1899 410 1941 Teleboi
443 1913 527 1952 qua
558 1913 693 1954 regna
724 1900 867 1941 iacent
900 1906 1108 1953 supposta
1140 1898 1367 1953 profundo,

232 1970 325 2021 Quo
358 1971 500 2012 Nerea
532 1985 697 2022 manus⁷
732 1971 856 2012 simul
889 1983 1100 2012 emersere
1135 1983 1313 2011 sorores.

232 2042 516 2095 Possessique
550 2042 649 2084 olim
681 2041 1028 2095 Lestrigoniique
1061 2054 1270 2083 recessus.

230 2113 433 2155 Invasere
466 2113 598 2164 locos,
632 2113 704 2154 ubi
737 2126 867 2154 sceno
900 2112 1070 2166 putrida
1103 2112 1206 2153 miro

234 2183 328 2226 Stat
361 2185 578 2238 Lynterna
611 2184 749 2238 palus,
784 2183 943 2237 Lybico
977 2197 1062 2225 non
1085 2189 1209 2236 grata
1232 2190 1425 2236 tyranno.

232 2255 453 2297 Dardanio
486 2268 566 2297 nec
600 2269 699 2297 cara
733 2255 842 2304 duci,
876 2255 993 2296 iuvat
1026 2267 1161 2307 usque
1195 2255 1348 2296 morari

232 2327 397 2368 Littora
430 2327 596 2379 Gaiete,
631 2333 673 2369 et
704 2333 851 2380 portus
886 2332 1084 2380 spectare
1117 2326 1319 2379 patentis.

235 2397 580 2451 Calcidicamque
604 2398 787 2449 domum,
821 2404 1110 2451 promptaque
1134 2410 1240 2438 saxa
1264 2396 1424 2450 Sybille

232 2468 479 2522 Virginium,
504 2482 789 2522 magnamque
814 2468 929 2522 cupit
951 2481 1206 2521 prenoscere
1230 2474 1432 2517 mentem,

231 2539 370 2593 Atque
404 2541 589 2581 animum
622 2541 745 2591 vatis,
780 2540 847 2581 cui
879 2538 1069 2593 presidet
1091 2539 1228 2579 almus
1261 2538 1428 2592 Apollo7

234 2610 418 2664 Inspirat
452 2611 679 2664 divamque
712 2611 829 2652 iubet
864 2616 1030 2651 secreta
1065 2609 1233 2660 docere,

232 2681 309 2723 His
342 2683 509 2736 aperire
545 2682 698 2734 quibus
732 2688 876 2723 notum
910 2687 975 2722 est
1007 2681 1195 2734 prescire
1229 2680 1384 2722 futura.

233 2753 286 2794 Et
320 2766 473 2795 canere
507 2753 622 2794 haud
654 2753 768 2794 foliis
791 2765 1085 2805 responsaque
1110 2758 1226 2792 certa
1249 2751 1425 2805 petenti.

206 2845 216 2865 ¹
244 2845 278 2879 A
305 2846 571 2880 szamozasban
597 2845 706 2890 (qmely
733 2845 884 2880 eredeti)
911 2844 996 2878 hiba
1022 2854 1111 2881 van:
1152 2855 1172 2878 a
1198 2844 1275 2877 755.
1309 2843 1470 2878 sorszam
1499 2853 1570 2888 egy

91 2904 205 2939 sorral
230 2904 379 2939 elo'bbre
405 2904 521 2949 ugrik.
