<?xml version="1.0" encoding="UTF-8"?>
<!DOCTYPE html PUBLIC "-//W3C//DTD XHTML 1.0 Transitional//EN"
    "http://www.w3.org/TR/xhtml1/DTD/xhtml1-transitional.dtd">
<html xmlns="http://www.w3.org/1999/xhtml" xml:lang="en" lang="en">
 <head>
  <title>
</title>
<meta http-equiv="Content-Type" content="text/html;charset=utf-8" />
  <meta name='ocr-system' content='tesseract 3.04.00' />
  <meta name='ocr-capabilities' content='ocr_page ocr_carea ocr_par ocr_line ocrx_word'/>
</head>
<body>
  <div class='ocr_page' id='page_1' title='image "analectanovaadhi00beuoft_0108.png"; bbox 0 0 1898 3278; ppageno 0'>
   <div class='ocr_carea' id='block_1_1' title="bbox 238 131 284 164">
    <p class='ocr_par' dir='ltr' id='par_1_1' title="bbox 238 131 284 164">
     <span class='ocr_line' id='line_1_1' title="bbox 238 131 284 164; baseline 0 0"><span class='ocrx_word' id='word_1_1' title='bbox 238 131 284 164; x_wconf 82' lang='lat'>90</span> 
     </span>
    </p>
   </div>
   <div class='ocr_carea' id='block_1_2' title="bbox 231 274 1726 827">
    <p class='ocr_par' dir='ltr' id='par_1_2' title="bbox 231 274 1726 827">
     <span class='ocr_line' id='line_1_2' title="bbox 237 274 1724 329; baseline 0.001 -13"><span class='ocrx_word' id='word_1_2' title='bbox 237 274 434 316; x_wconf 88' lang='lat' dir='ltr'>daturum</span> <span class='ocrx_word' id='word_1_3' title='bbox 468 275 655 329; x_wconf 82' lang='lat' dir='ltr'>recepit;</span> <span class='ocrx_word' id='word_1_4' title='bbox 693 276 851 328; x_wconf 83' lang='lat' dir='ltr'>alioqui</span> <span class='ocrx_word' id='word_1_5' title='bbox 885 288 1008 327; x_wconf 90' lang='lat' dir='ltr'>quom</span> <span class='ocrx_word' id='word_1_6' title='bbox 1041 275 1174 315; x_wconf 90' lang='lat' dir='ltr'>multa</span> <span class='ocrx_word' id='word_1_7' title='bbox 1197 275 1313 328; x_wconf 90' lang='lat' dir='ltr'>prius</span> <span class='ocrx_word' id='word_1_8' title='bbox 1334 275 1586 329; x_wconf 76' lang='lat' dir='ltr'>recepisset,</span> <span class='ocrx_word' id='word_1_9' title='bbox 1610 283 1724 329; x_wconf 86' lang='lat' dir='ltr'>post-</span> 
     </span>
     <span class='ocr_line' id='line_1_3' title="bbox 238 346 1726 399; baseline 0.001 -13"><span class='ocrx_word' id='word_1_10' title='bbox 238 360 365 399; x_wconf 85' lang='lat' dir='ltr'>quam</span> <span class='ocrx_word' id='word_1_11' title='bbox 397 360 474 388; x_wconf 85' lang='lat' dir='ltr'>vos</span> <span class='ocrx_word' id='word_1_12' title='bbox 514 347 612 388; x_wconf 91' lang='lat' dir='ltr'>hinc</span> <span class='ocrx_word' id='word_1_13' title='bbox 645 346 827 398; x_wconf 79' lang='lat' dir='ltr'>abiistis,</span> <span class='ocrx_word' id='word_1_14' title='bbox 873 352 1132 388; x_wconf 88' lang='lat' dir='ltr'>commutata</span> <span class='ocrx_word' id='word_1_15' title='bbox 1179 346 1393 387; x_wconf 85' lang='lat' dir='ltr'>sententia</span> <span class='ocrx_word' id='word_1_16' title='bbox 1439 359 1485 387; x_wconf 85' lang='lat' dir='ltr'>se</span> <span class='ocrx_word' id='word_1_17' title='bbox 1519 346 1575 388; x_wconf 87' lang='lat' dir='ltr'>ad</span> <span class='ocrx_word' id='word_1_18' title='bbox 1607 347 1726 388; x_wconf 83' lang='lat' dir='ltr'>XVII</span> 
     </span>
     <span class='ocr_line' id='line_1_4' title="bbox 238 417 1726 472; baseline 0.001 -15"><span class='ocrx_word' id='word_1_19' title='bbox 238 424 401 458; x_wconf 88' lang='lat' dir='ltr'>tantum</span> <span class='ocrx_word' id='word_1_20' title='bbox 435 417 632 459; x_wconf 86' lang='lat' dir='ltr'>aureolos</span> <span class='ocrx_word' id='word_1_21' title='bbox 660 419 921 472; x_wconf 88' lang='lat' dir='ltr'>prolaturum</span> <span class='ocrx_word' id='word_1_22' title='bbox 944 417 1140 468; x_wconf 87' lang='lat' dir='ltr'>affirmat,</span> <span class='ocrx_word' id='word_1_23' title='bbox 1176 418 1368 471; x_wconf 81' lang='lat' dir='ltr'>exceptis</span> <span class='ocrx_word' id='word_1_24' title='bbox 1391 417 1443 458; x_wconf 86' lang='lat' dir='ltr'>iis</span> <span class='ocrx_word' id='word_1_25' title='bbox 1467 430 1574 470; x_wconf 89' lang='lat' dir='ltr'>quos</span> <span class='ocrx_word' id='word_1_26' title='bbox 1597 425 1726 460; x_wconf 87' lang='lat' dir='ltr'>antea</span> 
     </span>
     <span class='ocr_line' id='line_1_5' title="bbox 235 487 1723 543; baseline 0.001 -14"><span class='ocrx_word' id='word_1_27' title='bbox 235 494 517 541; x_wconf 82' lang='lat' dir='ltr'>erogaverat;</span> <span class='ocrx_word' id='word_1_28' title='bbox 552 502 632 530; x_wconf 91' lang='lat' dir='ltr'>nec</span> <span class='ocrx_word' id='word_1_29' title='bbox 666 489 777 530; x_wconf 89' lang='lat' dir='ltr'>enim</span> <span class='ocrx_word' id='word_1_30' title='bbox 811 502 857 530; x_wconf 88' lang='lat' dir='ltr'>se</span> <span class='ocrx_word' id='word_1_31' title='bbox 889 489 1034 543; x_wconf 89' lang='lat' dir='ltr'>plures</span> <span class='ocrx_word' id='word_1_32' title='bbox 1068 487 1304 530; x_wconf 88' lang='lat' dir='ltr'>reverendo</span> <span class='ocrx_word' id='word_1_33' title='bbox 1337 488 1536 530; x_wconf 89' lang='lat' dir='ltr'>Michaeli</span> <span class='ocrx_word' id='word_1_34' title='bbox 1562 488 1723 530; x_wconf 89' lang='lat' dir='ltr'>Vitesio</span> 
     </span>
     <span class='ocr_line' id='line_1_6' title="bbox 236 559 1723 613; baseline 0.001 -13"><span class='ocrx_word' id='word_1_35' title='bbox 236 559 396 600; x_wconf 90' lang='lat' dir='ltr'>debere</span> <span class='ocrx_word' id='word_1_36' title='bbox 429 565 621 601; x_wconf 88' lang='lat' dir='ltr'>testatur.</span> <span class='ocrx_word' id='word_1_37' title='bbox 657 559 873 612; x_wconf 79' lang='lat' dir='ltr'>Quotquot</span> <span class='ocrx_word' id='word_1_38' title='bbox 906 560 976 601; x_wconf 91' lang='lat' dir='ltr'>ille</span> <span class='ocrx_word' id='word_1_39' title='bbox 1011 559 1177 600; x_wconf 81' lang='lat' dir='ltr'>dederit</span> <span class='ocrx_word' id='word_1_40' title='bbox 1203 559 1426 613; x_wconf 90' lang='lat' dir='ltr'>accipiam,</span> <span class='ocrx_word' id='word_1_41' title='bbox 1461 559 1723 613; x_wconf 89' lang='lat' dir='ltr'>totidemque</span> 
     </span>
     <span class='ocr_line' id='line_1_7' title="bbox 235 629 1723 684; baseline 0.001 -14"><span class='ocrx_word' id='word_1_42' title='bbox 235 629 291 671; x_wconf 90' lang='lat' dir='ltr'>ad</span> <span class='ocrx_word' id='word_1_43' title='bbox 324 630 498 684; x_wconf 89' lang='lat' dir='ltr'>plenum</span> <span class='ocrx_word' id='word_1_44' title='bbox 532 630 653 672; x_wconf 90' lang='lat' dir='ltr'>vobis</span> <span class='ocrx_word' id='word_1_45' title='bbox 686 631 782 672; x_wconf 89' lang='lat' dir='ltr'>istic</span> <span class='ocrx_word' id='word_1_46' title='bbox 814 630 1152 684; x_wconf 82' lang='lat' dir='ltr'>repraesentabo</span> <span class='ocrx_word' id='word_1_47' title='bbox 1185 631 1227 671; x_wconf 91' lang='lat' dir='ltr'>in</span> <span class='ocrx_word' id='word_1_48' title='bbox 1260 630 1398 672; x_wconf 82' lang='lat' dir='ltr'>reditu</span> <span class='ocrx_word' id='word_1_49' title='bbox 1431 644 1540 683; x_wconf 81' lang='lat' dir='ltr'>meo,</span> <span class='ocrx_word' id='word_1_50' title='bbox 1586 631 1657 684; x_wconf 92' lang='lat' dir='ltr'>qui</span> <span class='ocrx_word' id='word_1_51' title='bbox 1689 631 1723 672; x_wconf 86' lang='lat' dir='ltr'>si</span> 
     </span>
     <span class='ocr_line' id='line_1_8' title="bbox 231 698 1723 756; baseline 0.001 -14"><span class='ocrx_word' id='word_1_52' title='bbox 231 701 276 742; x_wconf 91' lang='lat' dir='ltr'>in</span> <span class='ocrx_word' id='word_1_53' title='bbox 321 702 492 754; x_wconf 82' lang='lat' dir='ltr'>longam</span> <span class='ocrx_word' id='word_1_54' title='bbox 532 701 644 743; x_wconf 89' lang='lat' dir='ltr'>diem</span> <span class='ocrx_word' id='word_1_55' title='bbox 682 701 931 743; x_wconf 85' lang='lat' dir='ltr'>diffindetur</span> <span class='ocrx_word' id='word_1_56' title='bbox 968 698 1097 754; x_wconf 88' lang='lat' dir='ltr'>(quod</span> <span class='ocrx_word' id='word_1_57' title='bbox 1134 714 1217 742; x_wconf 91' lang='lat' dir='ltr'>non</span> <span class='ocrx_word' id='word_1_58' title='bbox 1256 701 1374 755; x_wconf 86' lang='lat' dir='ltr'>puto)</span> <span class='ocrx_word' id='word_1_59' title='bbox 1413 703 1581 755; x_wconf 84' lang='lat' dir='ltr'>accepti</span> <span class='ocrx_word' id='word_1_60' title='bbox 1625 716 1723 756; x_wconf 81' lang='lat' dir='ltr'>syn-</span> 
     </span>
     <span class='ocr_line' id='line_1_9' title="bbox 231 772 985 827; baseline 0.001 -14"><span class='ocrx_word' id='word_1_61' title='bbox 231 773 443 827; x_wconf 84' lang='lat' dir='ltr'>grapham</span> <span class='ocrx_word' id='word_1_62' title='bbox 477 773 653 813; x_wconf 88' lang='lat' dir='ltr'>mittam.</span> <span class='ocrx_word' id='word_1_63' title='bbox 689 773 806 813; x_wconf 87' lang='lat' dir='ltr'>Vale.</span> <span class='ocrx_word' id='word_1_64' title='bbox 842 772 985 826; x_wconf 81' lang='lat' dir='ltr'>Agria.</span> 
     </span>
    </p>
   </div>
   <div class='ocr_carea' id='block_1_3' title="bbox 462 889 1494 945">
    <p class='ocr_par' dir='ltr' id='par_1_3' title="bbox 462 889 1494 945">
     <span class='ocr_line' id='line_1_10' title="bbox 462 889 1494 945; baseline 0 -12"><span class='ocrx_word' id='word_1_65' title='bbox 462 905 502 945; x_wconf 89' lang='lat' dir='ltr'>p.</span> <span class='ocrx_word' id='word_1_66' title='bbox 536 889 604 933; x_wconf 77' lang='lat'>95.</span> <span class='ocrx_word' id='word_1_67' title='bbox 657 890 828 932; x_wconf 68' lang='lat' dir='ltr'>Caelius</span> <span class='ocrx_word' id='word_1_68' title='bbox 867 890 955 932; x_wconf 73' lang='lat' dir='ltr'>Gal.</span> <span class='ocrx_word' id='word_1_69' title='bbox 989 889 1198 944; x_wconf 62' lang='lat' dir='ltr'>Episcopo</span> <span class='ocrx_word' id='word_1_70' title='bbox 1229 891 1420 933; x_wconf 66' lang='lat' dir='ltr'>Vatiensz&#39;</span> <span class='ocrx_word' id='word_1_71' title='bbox 1453 891 1494 934; x_wconf 79' lang='lat' dir='ltr'>S.</span> 
     </span>
    </p>
   </div>
   <div class='ocr_carea' id='block_1_4' title="bbox 225 986 1723 1825">
    <p class='ocr_par' dir='ltr' id='par_1_4' title="bbox 225 986 1723 1825">
     <span class='ocr_line' id='line_1_11' title="bbox 351 986 1721 1040; baseline 0.001 -13"><span class='ocrx_word' id='word_1_72' title='bbox 351 986 592 1027; x_wconf 84' lang='lat' dir='ltr'>Literatura</span> <span class='ocrx_word' id='word_1_73' title='bbox 625 992 667 1027; x_wconf 93' lang='lat' dir='ltr'>et</span> <span class='ocrx_word' id='word_1_74' title='bbox 700 986 880 1027; x_wconf 84' lang='lat' dir='ltr'>eruditio</span> <span class='ocrx_word' id='word_1_75' title='bbox 926 986 1151 1027; x_wconf 85' lang='lat' dir='ltr'>clarissimi</span> <span class='ocrx_word' id='word_1_76' title='bbox 1193 986 1347 1028; x_wconf 80' lang='lat' dir='ltr'>Jacobi</span> <span class='ocrx_word' id='word_1_77' title='bbox 1385 987 1570 1040; x_wconf 82' lang='lat' dir='ltr'>Ziegleri</span> <span class='ocrx_word' id='word_1_78' title='bbox 1602 987 1721 1028; x_wconf 88' lang='lat' dir='ltr'>fami-</span> 
     </span>
     <span class='ocr_line' id='line_1_12' title="bbox 230 1057 1720 1112; baseline 0.001 -13"><span class='ocrx_word' id='word_1_79' title='bbox 230 1058 348 1099; x_wconf 89' lang='lat' dir='ltr'>liaris</span> <span class='ocrx_word' id='word_1_80' title='bbox 381 1058 441 1098; x_wconf 90' lang='lat' dir='ltr'>tui</span> <span class='ocrx_word' id='word_1_81' title='bbox 475 1057 579 1098; x_wconf 88' lang='lat' dir='ltr'>satis</span> <span class='ocrx_word' id='word_1_82' title='bbox 613 1064 704 1098; x_wconf 88' lang='lat' dir='ltr'>erat</span> <span class='ocrx_word' id='word_1_83' title='bbox 736 1057 837 1098; x_wconf 90' lang='lat' dir='ltr'>mihi</span> <span class='ocrx_word' id='word_1_84' title='bbox 871 1063 998 1098; x_wconf 89' lang='lat' dir='ltr'>antea</span> <span class='ocrx_word' id='word_1_85' title='bbox 1032 1064 1274 1112; x_wconf 87' lang='lat' dir='ltr'>perspecta,</span> <span class='ocrx_word' id='word_1_86' title='bbox 1309 1057 1496 1099; x_wconf 90' lang='lat' dir='ltr'>nondum</span> <span class='ocrx_word' id='word_1_87' title='bbox 1530 1059 1720 1109; x_wconf 86' lang='lat' dir='ltr'>comitas,</span> 
     </span>
     <span class='ocr_line' id='line_1_13' title="bbox 230 1128 1723 1183; baseline 0 -13"><span class='ocrx_word' id='word_1_88' title='bbox 230 1129 419 1170; x_wconf 90' lang='lat' dir='ltr'>nondum</span> <span class='ocrx_word' id='word_1_89' title='bbox 452 1129 641 1181; x_wconf 78' lang='lat' dir='ltr'>ingenua</span> <span class='ocrx_word' id='word_1_90' title='bbox 674 1128 886 1181; x_wconf 85' lang='lat' dir='ltr'>quaedam</span> <span class='ocrx_word' id='word_1_91' title='bbox 919 1128 961 1169; x_wconf 90' lang='grc'>111</span> <span class='ocrx_word' id='word_1_92' title='bbox 994 1129 1165 1170; x_wconf 86' lang='grc'><strong>1101111110</strong></span> <span class='ocrx_word' id='word_1_93' title='bbox 1211 1128 1402 1183; x_wconf 83' lang='lat' dir='ltr'>probitas</span> <span class='ocrx_word' id='word_1_94' title='bbox 1436 1137 1477 1170; x_wconf 89' lang='lat' dir='ltr'>et</span> <span class='ocrx_word' id='word_1_95' title='bbox 1512 1129 1723 1171; x_wconf 86' lang='lat' dir='ltr'>modestia</span> 
     </span>
     <span class='ocr_line' id='line_1_14' title="bbox 230 1200 1720 1254; baseline 0.001 -13"><span class='ocrx_word' id='word_1_96' title='bbox 230 1206 323 1241; x_wconf 89' lang='lat' dir='ltr'>erat</span> <span class='ocrx_word' id='word_1_97' title='bbox 355 1201 589 1254; x_wconf 76' lang='lat' dir='ltr'>explorata,</span> <span class='ocrx_word' id='word_1_98' title='bbox 637 1213 763 1252; x_wconf 89' lang='lat' dir='ltr'>quam</span> <span class='ocrx_word' id='word_1_99' title='bbox 796 1200 945 1253; x_wconf 89' lang='lat' dir='ltr'>paucis</span> <span class='ocrx_word' id='word_1_100' title='bbox 979 1200 1044 1240; x_wconf 90' lang='lat' dir='ltr'>his</span> <span class='ocrx_word' id='word_1_101' title='bbox 1079 1200 1230 1242; x_wconf 88' lang='lat' dir='ltr'>diebus</span> <span class='ocrx_word' id='word_1_102' title='bbox 1277 1200 1431 1253; x_wconf 91' lang='lat' dir='ltr'>quibus</span> <span class='ocrx_word' id='word_1_103' title='bbox 1464 1201 1720 1243; x_wconf 83' lang='lat' dir='ltr'>liberalitate</span> 
     </span>
     <span class='ocr_line' id='line_1_15' title="bbox 231 1271 1717 1326; baseline 0.001 -15"><span class='ocrx_word' id='word_1_104' title='bbox 231 1277 273 1312; x_wconf 89' lang='lat' dir='ltr'>et</span> <span class='ocrx_word' id='word_1_105' title='bbox 306 1271 575 1325; x_wconf 80' lang='lat' dir='ltr'>indulgentia</span> <span class='ocrx_word' id='word_1_106' title='bbox 606 1277 680 1311; x_wconf 89' lang='lat' dir='ltr'>tua</span> <span class='ocrx_word' id='word_1_107' title='bbox 713 1271 827 1325; x_wconf 87' lang='lat' dir='ltr'>apud</span> <span class='ocrx_word' id='word_1_108' title='bbox 860 1284 938 1311; x_wconf 88' lang='lat' dir='ltr'>nos</span> <span class='ocrx_word' id='word_1_109' title='bbox 970 1271 1062 1322; x_wconf 72' lang='lat' dir='ltr'>fuit,</span> <span class='ocrx_word' id='word_1_110' title='bbox 1110 1272 1344 1313; x_wconf 88' lang='lat' dir='ltr'>comminus</span> <span class='ocrx_word' id='word_1_111' title='bbox 1378 1279 1580 1326; x_wconf 81' lang='lat' dir='ltr'>expertus</span> <span class='ocrx_word' id='word_1_112' title='bbox 1614 1285 1717 1313; x_wconf 88' lang='lat' dir='ltr'>sum.</span> 
     </span>
     <span class='ocr_line' id='line_1_16' title="bbox 228 1342 1720 1393; baseline 0.002 -11"><span class='ocrx_word' id='word_1_113' title='bbox 228 1342 345 1383; x_wconf 90' lang='lat' dir='ltr'>Nihil</span> <span class='ocrx_word' id='word_1_114' title='bbox 376 1342 448 1383; x_wconf 92' lang='lat' dir='ltr'>illo</span> <span class='ocrx_word' id='word_1_115' title='bbox 483 1342 664 1393; x_wconf 85' lang='lat' dir='ltr'>doctius,</span> <span class='ocrx_word' id='word_1_116' title='bbox 710 1342 815 1383; x_wconf 91' lang='lat' dir='ltr'>nihil</span> <span class='ocrx_word' id='word_1_117' title='bbox 847 1343 1028 1393; x_wconf 88' lang='lat' dir='ltr'>acutius,</span> <span class='ocrx_word' id='word_1_118' title='bbox 1073 1343 1179 1384; x_wconf 91' lang='lat' dir='ltr'>nihil</span> <span class='ocrx_word' id='word_1_119' title='bbox 1212 1343 1438 1384; x_wconf 86' lang='lat' dir='ltr'>humanius</span> <span class='ocrx_word' id='word_1_120' title='bbox 1471 1350 1543 1384; x_wconf 89' lang='lat' dir='ltr'>aut</span> <span class='ocrx_word' id='word_1_121' title='bbox 1577 1343 1720 1385; x_wconf 89' lang='lat' dir='ltr'>candi—</span> 
     </span>
     <span class='ocr_line' id='line_1_17' title="bbox 227 1413 1719 1469; baseline 0.001 -15"><span class='ocrx_word' id='word_1_122' title='bbox 227 1413 338 1465; x_wconf 88' lang='lat' dir='ltr'>dius,</span> <span class='ocrx_word' id='word_1_123' title='bbox 372 1419 417 1454; x_wconf 92' lang='lat' dir='ltr'>ut</span> <span class='ocrx_word' id='word_1_124' title='bbox 451 1414 577 1455; x_wconf 89' lang='lat' dir='ltr'>facile</span> <span class='ocrx_word' id='word_1_125' title='bbox 610 1414 850 1467; x_wconf 83' lang='lat' dir='ltr'>intelligere</span> <span class='ocrx_word' id='word_1_126' title='bbox 884 1414 1057 1468; x_wconf 87' lang='lat' dir='ltr'>possim,</span> <span class='ocrx_word' id='word_1_127' title='bbox 1089 1414 1205 1455; x_wconf 91' lang='lat' dir='ltr'>illum</span> <span class='ocrx_word' id='word_1_128' title='bbox 1240 1415 1317 1456; x_wconf 80' lang='lat' dir='ltr'>tibi</span> <span class='ocrx_word' id='word_1_129' title='bbox 1343 1415 1471 1469; x_wconf 88' lang='lat' dir='ltr'>plane</span> <span class='ocrx_word' id='word_1_130' title='bbox 1505 1416 1719 1456; x_wconf 90' lang='lat' dir='ltr'>alumnum</span> 
     </span>
     <span class='ocr_line' id='line_1_18' title="bbox 228 1484 1719 1540; baseline 0.002 -16"><span class='ocrx_word' id='word_1_131' title='bbox 228 1490 272 1525; x_wconf 88' lang='lat' dir='ltr'>et</span> <span class='ocrx_word' id='word_1_132' title='bbox 294 1484 560 1536; x_wconf 74' lang='lat' dir='ltr'>familiarem,</span> <span class='ocrx_word' id='word_1_133' title='bbox 594 1485 763 1538; x_wconf 89' lang='lat' dir='ltr'>tuisque</span> <span class='ocrx_word' id='word_1_134' title='bbox 798 1485 1011 1527; x_wconf 89' lang='lat' dir='ltr'>coloribus</span> <span class='ocrx_word' id='word_1_135' title='bbox 1036 1484 1095 1538; x_wconf 92' lang='lat' dir='ltr'>(ut</span> <span class='ocrx_word' id='word_1_136' title='bbox 1118 1484 1252 1539; x_wconf 88' lang='lat' dir='ltr'>aiunt)</span> <span class='ocrx_word' id='word_1_137' title='bbox 1277 1485 1492 1540; x_wconf 90' lang='lat' dir='ltr'>depictum</span> <span class='ocrx_word' id='word_1_138' title='bbox 1519 1521 1525 1527; x_wconf 96' lang='lat'>.</span> <span class='ocrx_word' id='word_1_139' title='bbox 1553 1521 1561 1528; x_wconf 92' lang='lat'><strong>.</strong></span> <span class='ocrx_word' id='word_1_140' title='bbox 1587 1521 1594 1528; x_wconf 92' lang='lat'>.</span> <span class='ocrx_word' id='word_1_141' title='bbox 1632 1485 1719 1528; x_wconf 86' lang='lat' dir='ltr'>Sed</span> 
     </span>
     <span class='ocr_line' id='line_1_19' title="bbox 228 1557 1719 1612; baseline 0.001 -15"><span class='ocrx_word' id='word_1_142' title='bbox 228 1570 295 1597; x_wconf 89' lang='lat' dir='ltr'>me</span> <span class='ocrx_word' id='word_1_143' title='bbox 328 1557 456 1610; x_wconf 88' lang='lat' dir='ltr'>plane</span> <span class='ocrx_word' id='word_1_144' title='bbox 501 1557 787 1611; x_wconf 75' lang='lat' dir='ltr'>insipientem,</span> <span class='ocrx_word' id='word_1_145' title='bbox 835 1558 906 1610; x_wconf 90' lang='lat' dir='ltr'>qui</span> <span class='ocrx_word' id='word_1_146' title='bbox 940 1571 1065 1610; x_wconf 91' lang='lat' dir='ltr'>quom</span> <span class='ocrx_word' id='word_1_147' title='bbox 1099 1566 1226 1600; x_wconf 87' lang='lat' dir='ltr'>antea</span> <span class='ocrx_word' id='word_1_148' title='bbox 1272 1558 1387 1612; x_wconf 90' lang='lat' dir='ltr'>apud</span> <span class='ocrx_word' id='word_1_149' title='bbox 1418 1564 1461 1600; x_wconf 93' lang='lat' dir='ltr'>te</span> <span class='ocrx_word' id='word_1_150' title='bbox 1495 1557 1719 1599; x_wconf 88' lang='lat' dir='ltr'>multarum</span> 
     </span>
     <span class='ocr_line' id='line_1_20' title="bbox 226 1628 1718 1683; baseline 0.001 -15"><span class='ocrx_word' id='word_1_151' title='bbox 226 1628 442 1668; x_wconf 87' lang='lat' dir='ltr'>literarum</span> <span class='ocrx_word' id='word_1_152' title='bbox 478 1628 732 1670; x_wconf 89' lang='lat' dir='ltr'>creditorem</span> <span class='ocrx_word' id='word_1_153' title='bbox 754 1643 806 1671; x_wconf 78' lang='lat' dir='ltr'>ex</span> <span class='ocrx_word' id='word_1_154' title='bbox 826 1630 1056 1670; x_wconf 83' lang='lat' dir='ltr'>rationario</span> <span class='ocrx_word' id='word_1_155' title='bbox 1081 1643 1147 1670; x_wconf 89' lang='lat' dir='ltr'>me</span> <span class='ocrx_word' id='word_1_156' title='bbox 1171 1635 1379 1683; x_wconf 90' lang='lat' dir='ltr'>putarem,</span> <span class='ocrx_word' id='word_1_157' title='bbox 1413 1642 1525 1670; x_wconf 90' lang='lat' dir='ltr'>nunc</span> <span class='ocrx_word' id='word_1_158' title='bbox 1549 1629 1718 1671; x_wconf 87' lang='lat' dir='ltr'>demum</span> 
     </span>
     <span class='ocr_line' id='line_1_21' title="bbox 228 1699 1718 1754; baseline 0.001 -15"><span class='ocrx_word' id='word_1_159' title='bbox 228 1699 323 1739; x_wconf 91' lang='lat' dir='ltr'>unis</span> <span class='ocrx_word' id='word_1_160' title='bbox 356 1699 422 1740; x_wconf 87' lang='lat' dir='ltr'>his</span> <span class='ocrx_word' id='word_1_161' title='bbox 456 1699 604 1751; x_wconf 88' lang='lat' dir='ltr'>literis,</span> <span class='ocrx_word' id='word_1_162' title='bbox 631 1700 707 1742; x_wconf 89' lang='lat' dir='ltr'>sed</span> <span class='ocrx_word' id='word_1_163' title='bbox 734 1701 843 1742; x_wconf 87' lang='lat' dir='ltr'>vivis</span> <span class='ocrx_word' id='word_1_164' title='bbox 877 1700 954 1741; x_wconf 90' lang='lat' dir='ltr'>sed</span> <span class='ocrx_word' id='word_1_165' title='bbox 985 1701 1259 1754; x_wconf 82' lang='lat' dir='ltr'>spirantibus,</span> <span class='ocrx_word' id='word_1_166' title='bbox 1294 1699 1452 1741; x_wconf 88' lang='lat' dir='ltr'>additis</span> <span class='ocrx_word' id='word_1_167' title='bbox 1480 1700 1718 1754; x_wconf 85' lang='lat' dir='ltr'>intelligam</span> 
     </span>
     <span class='ocr_line' id='line_1_22' title="bbox 225 1771 1716 1825; baseline 0.003 -15"><span class='ocrx_word' id='word_1_168' title='bbox 225 1783 292 1811; x_wconf 90' lang='lat' dir='ltr'>me</span> <span class='ocrx_word' id='word_1_169' title='bbox 325 1771 386 1811; x_wconf 89' lang='lat' dir='ltr'>ita</span> <span class='ocrx_word' id='word_1_170' title='bbox 415 1784 515 1812; x_wconf 90' lang='lat' dir='ltr'>aere</span> <span class='ocrx_word' id='word_1_171' title='bbox 539 1772 748 1824; x_wconf 84' lang='lat' dir='ltr'>obrutum,</span> <span class='ocrx_word' id='word_1_172' title='bbox 773 1778 817 1812; x_wconf 92' lang='lat' dir='ltr'>ut</span> <span class='ocrx_word' id='word_1_173' title='bbox 841 1772 1008 1813; x_wconf 87' lang='lat' dir='ltr'>obtorto</span> <span class='ocrx_word' id='word_1_174' title='bbox 1031 1772 1139 1813; x_wconf 91' lang='lat' dir='ltr'>collo</span> <span class='ocrx_word' id='word_1_175' title='bbox 1163 1772 1277 1813; x_wconf 88' lang='lat' dir='ltr'>necti</span> <span class='ocrx_word' id='word_1_176' title='bbox 1299 1772 1461 1825; x_wconf 88' lang='lat' dir='ltr'>possim</span> <span class='ocrx_word' id='word_1_177' title='bbox 1481 1806 1488 1814; x_wconf 92' lang='lat'><strong>.</strong></span> <span class='ocrx_word' id='word_1_178' title='bbox 1509 1806 1517 1814; x_wconf 91' lang='lat'><strong>.</strong></span> <span class='ocrx_word' id='word_1_179' title='bbox 1539 1806 1547 1814; x_wconf 89' lang='lat'><strong>.</strong></span> <span class='ocrx_word' id='word_1_180' title='bbox 1571 1772 1716 1825; x_wconf 81' lang='lat' dir='ltr'>Agria.</span> 
     </span>
    </p>
   </div>
   <div class='ocr_carea' id='block_1_5' title="bbox 225 1887 1715 1943">
    <p class='ocr_par' dir='ltr' id='par_1_5' title="bbox 225 1887 1715 1943">
     <span class='ocr_line' id='line_1_23' title="bbox 225 1887 1715 1943; baseline 0.002 -16"><span class='ocrx_word' id='word_1_181' title='bbox 225 1902 262 1942; x_wconf 91' lang='lat' dir='ltr'>p.</span> <span class='ocrx_word' id='word_1_182' title='bbox 285 1887 352 1931; x_wconf 77' lang='grc'>96.</span> <span class='ocrx_word' id='word_1_183' title='bbox 392 1888 562 1930; x_wconf 62' lang='lat' dir='ltr'>Caelius</span> <span class='ocrx_word' id='word_1_184' title='bbox 589 1888 676 1930; x_wconf 76' lang='lat' dir='ltr'>Gal.</span> <span class='ocrx_word' id='word_1_185' title='bbox 700 1889 1072 1932; x_wconf 64' lang='lat' dir='ltr'>Reveremlz&#39;ssimo</span> <span class='ocrx_word' id='word_1_186' title='bbox 1096 1889 1304 1943; x_wconf 66' lang='lat' dir='ltr'>Episcopo</span> <span class='ocrx_word' id='word_1_187' title='bbox 1329 1889 1651 1932; x_wconf 65' lang='lat' dir='ltr'>Vnaradz’nenst</span> <span class='ocrx_word' id='word_1_188' title='bbox 1674 1889 1715 1932; x_wconf 76' lang='lat' dir='ltr'>S.</span> 
     </span>
    </p>
   </div>
   <div class='ocr_carea' id='block_1_6' title="bbox 220 1983 1715 2608">
    <p class='ocr_par' dir='ltr' id='par_1_6' title="bbox 220 1983 1715 2608">
     <span class='ocr_line' id='line_1_24' title="bbox 345 1983 1715 2038; baseline 0.001 -14"><span class='ocrx_word' id='word_1_189' title='bbox 345 1983 426 2033; x_wconf 79' lang='lat' dir='ltr'>Qui</span> <span class='ocrx_word' id='word_1_190' title='bbox 461 1984 647 2026; x_wconf 88' lang='lat' dir='ltr'>scribere</span> <span class='ocrx_word' id='word_1_191' title='bbox 680 1985 763 2026; x_wconf 87' lang='lat' dir='ltr'>iam</span> <span class='ocrx_word' id='word_1_192' title='bbox 797 1991 858 2026; x_wconf 87' lang='lat' dir='ltr'>tot</span> <span class='ocrx_word' id='word_1_193' title='bbox 890 1998 1063 2027; x_wconf 89' lang='lat' dir='ltr'>menses</span> <span class='ocrx_word' id='word_1_194' title='bbox 1099 1985 1263 2036; x_wconf 89' lang='lat' dir='ltr'>desino,</span> <span class='ocrx_word' id='word_1_195' title='bbox 1304 1998 1447 2026; x_wconf 86' lang='lat' dir='ltr'>amare</span> <span class='ocrx_word' id='word_1_196' title='bbox 1482 1992 1610 2038; x_wconf 81' lang='lat' dir='ltr'>atque</span> <span class='ocrx_word' id='word_1_197' title='bbox 1644 1985 1715 2026; x_wconf 93' lang='lat' dir='ltr'>ob-</span> 
     </span>
     <span class='ocr_line' id='line_1_25' title="bbox 224 2056 1715 2110; baseline 0.001 -15"><span class='ocrx_word' id='word_1_198' title='bbox 224 2067 397 2096; x_wconf 86' lang='lat' dir='ltr'>servare</span> <span class='ocrx_word' id='word_1_199' title='bbox 446 2068 662 2109; x_wconf 88' lang='lat' dir='ltr'>nunquam</span> <span class='ocrx_word' id='word_1_200' title='bbox 709 2056 878 2107; x_wconf 87' lang='lat' dir='ltr'>desino,</span> <span class='ocrx_word' id='word_1_201' title='bbox 925 2057 1026 2110; x_wconf 92' lang='lat' dir='ltr'>quin</span> <span class='ocrx_word' id='word_1_202' title='bbox 1070 2057 1112 2098; x_wconf 91' lang='lat' dir='ltr'>in</span> <span class='ocrx_word' id='word_1_203' title='bbox 1159 2056 1251 2098; x_wconf 91' lang='lat' dir='ltr'>dies</span> <span class='ocrx_word' id='word_1_204' title='bbox 1297 2057 1434 2110; x_wconf 80' lang='lat' dir='ltr'>magis</span> <span class='ocrx_word' id='word_1_205' title='bbox 1480 2070 1530 2098; x_wconf 87' lang='lat' dir='ltr'>ac</span> <span class='ocrx_word' id='word_1_206' title='bbox 1577 2057 1715 2109; x_wconf 84' lang='lat' dir='ltr'>magis</span> 
     </span>
     <span class='ocr_line' id='line_1_26' title="bbox 220 2126 1713 2181; baseline 0.001 -15"><span class='ocrx_word' id='word_1_207' title='bbox 220 2126 449 2167; x_wconf 85' lang='lat' dir='ltr'>refricatur</span> <span class='ocrx_word' id='word_1_208' title='bbox 491 2127 638 2181; x_wconf 89' lang='lat' dir='ltr'>optimi</span> <span class='ocrx_word' id='word_1_209' title='bbox 684 2141 733 2169; x_wconf 88' lang='lat' dir='ltr'>ac</span> <span class='ocrx_word' id='word_1_210' title='bbox 782 2128 1015 2170; x_wconf 84' lang='lat' dir='ltr'>doctissimi</span> <span class='ocrx_word' id='word_1_211' title='bbox 1059 2128 1273 2170; x_wconf 85' lang='lat' dir='ltr'>Antistitis</span> <span class='ocrx_word' id='word_1_212' title='bbox 1319 2128 1419 2169; x_wconf 86' lang='lat' dir='ltr'>mihi</span> <span class='ocrx_word' id='word_1_213' title='bbox 1459 2127 1713 2177; x_wconf 74' lang='lat' dir='ltr'>recordatio,</span> 
     </span>
     <span class='ocr_line' id='line_1_27' title="bbox 222 2197 1714 2252; baseline 0.001 -15"><span class='ocrx_word' id='word_1_214' title='bbox 222 2197 344 2238; x_wconf 86' lang='lat' dir='ltr'>cuius</span> <span class='ocrx_word' id='word_1_215' title='bbox 380 2198 598 2239; x_wconf 79' lang='lat' dir='ltr'>excellens</span> <span class='ocrx_word' id='word_1_216' title='bbox 634 2199 890 2252; x_wconf 86' lang='lat' dir='ltr'>humanitas,</span> <span class='ocrx_word' id='word_1_217' title='bbox 927 2200 1046 2240; x_wconf 89' lang='lat' dir='ltr'>cuius</span> <span class='ocrx_word' id='word_1_218' title='bbox 1079 2200 1255 2241; x_wconf 88' lang='lat' dir='ltr'>illustris</span> <span class='ocrx_word' id='word_1_219' title='bbox 1287 2200 1510 2241; x_wconf 88' lang='lat' dir='ltr'>literatura</span> <span class='ocrx_word' id='word_1_220' title='bbox 1532 2200 1592 2240; x_wconf 87' lang='lat' dir='ltr'>ita</span> <span class='ocrx_word' id='word_1_221' title='bbox 1613 2198 1714 2239; x_wconf 89' lang='lat' dir='ltr'>mihi</span> 
     </span>
     <span class='ocr_line' id='line_1_28' title="bbox 222 2269 1713 2324; baseline 0.001 -15"><span class='ocrx_word' id='word_1_222' title='bbox 222 2275 365 2322; x_wconf 88' lang='lat' dir='ltr'>potest</span> <span class='ocrx_word' id='word_1_223' title='bbox 399 2269 611 2319; x_wconf 76' lang='lat' dir='ltr'>excidere,</span> <span class='ocrx_word' id='word_1_224' title='bbox 644 2277 689 2310; x_wconf 91' lang='lat' dir='ltr'>ut</span> <span class='ocrx_word' id='word_1_225' title='bbox 723 2276 866 2324; x_wconf 88' lang='lat' dir='ltr'>potest</span> <span class='ocrx_word' id='word_1_226' title='bbox 897 2270 969 2311; x_wconf 91' lang='lat' dir='ltr'>ille</span> <span class='ocrx_word' id='word_1_227' title='bbox 1003 2284 1190 2323; x_wconf 87' lang='lat' dir='ltr'>unquam</span> <span class='ocrx_word' id='word_1_228' title='bbox 1213 2270 1327 2311; x_wconf 88' lang='lat' dir='ltr'>bona</span> <span class='ocrx_word' id='word_1_229' title='bbox 1361 2269 1503 2311; x_wconf 84' lang='lat' dir='ltr'>studia</span> <span class='ocrx_word' id='word_1_230' title='bbox 1527 2278 1567 2311; x_wconf 87' lang='lat' dir='ltr'>et</span> <span class='ocrx_word' id='word_1_231' title='bbox 1591 2283 1713 2324; x_wconf 89' lang='lat' dir='ltr'>prae-</span> 
     </span>
     <span class='ocr_line' id='line_1_29' title="bbox 224 2339 1712 2391; baseline 0.001 -12"><span class='ocrx_word' id='word_1_232' title='bbox 224 2339 363 2380; x_wconf 91' lang='lat' dir='ltr'>claras</span> <span class='ocrx_word' id='word_1_233' title='bbox 387 2346 502 2381; x_wconf 86' lang='lat' dir='ltr'>artes</span> <span class='ocrx_word' id='word_1_234' title='bbox 524 2340 817 2383; x_wconf 88' lang='lat' dir='ltr'>intermittere.</span> <span class='ocrx_word' id='word_1_235' title='bbox 853 2341 977 2391; x_wconf 81' lang='lat' dir='ltr'>Quod</span> <span class='ocrx_word' id='word_1_236' title='bbox 1001 2341 1037 2382; x_wconf 90' lang='lat' dir='ltr'>si</span> <span class='ocrx_word' id='word_1_237' title='bbox 1055 2341 1156 2382; x_wconf 88' lang='lat' dir='ltr'>mihi</span> <span class='ocrx_word' id='word_1_238' title='bbox 1178 2341 1221 2381; x_wconf 90' lang='lat' dir='ltr'>in</span> <span class='ocrx_word' id='word_1_239' title='bbox 1243 2346 1329 2382; x_wconf 89' lang='lat' dir='ltr'>tam</span> <span class='ocrx_word' id='word_1_240' title='bbox 1353 2342 1535 2382; x_wconf 88' lang='lat' dir='ltr'>honesto</span> <span class='ocrx_word' id='word_1_241' title='bbox 1557 2341 1712 2381; x_wconf 89' lang='lat' dir='ltr'>amoris</span> 
     </span>
     <span class='ocr_line' id='line_1_30' title="bbox 222 2409 1712 2465; baseline 0.001 -15"><span class='ocrx_word' id='word_1_242' title='bbox 222 2409 364 2452; x_wconf 89' lang='lat' dir='ltr'>studio</span> <span class='ocrx_word' id='word_1_243' title='bbox 396 2411 672 2465; x_wconf 87' lang='lat' dir='ltr'>respondere,</span> <span class='ocrx_word' id='word_1_244' title='bbox 708 2418 836 2465; x_wconf 88' lang='lat' dir='ltr'>atque</span> <span class='ocrx_word' id='word_1_245' title='bbox 859 2412 968 2454; x_wconf 90' lang='lat' dir='ltr'>adeo</span> <span class='ocrx_word' id='word_1_246' title='bbox 991 2412 1291 2454; x_wconf 80' lang='lat' dir='ltr'>observantiae</span> <span class='ocrx_word' id='word_1_247' title='bbox 1316 2425 1438 2453; x_wconf 90' lang='lat' dir='ltr'>meae</span> <span class='ocrx_word' id='word_1_248' title='bbox 1466 2412 1712 2453; x_wconf 84' lang='lat' dir='ltr'>memoriam</span> 
     </span>
     <span class='ocr_line' id='line_1_31' title="bbox 220 2481 1711 2536; baseline 0.001 -15"><span class='ocrx_word' id='word_1_249' title='bbox 220 2482 264 2522; x_wconf 90' lang='lat' dir='ltr'>in</span> <span class='ocrx_word' id='word_1_250' title='bbox 288 2481 379 2522; x_wconf 90' lang='lat' dir='ltr'>eius</span> <span class='ocrx_word' id='word_1_251' title='bbox 401 2482 542 2523; x_wconf 92' lang='lat' dir='ltr'>animo</span> <span class='ocrx_word' id='word_1_252' title='bbox 565 2483 708 2525; x_wconf 89' lang='lat' dir='ltr'>vivere</span> <span class='ocrx_word' id='word_1_253' title='bbox 731 2484 998 2533; x_wconf 77' lang='lat' dir='ltr'>intellexero,</span> <span class='ocrx_word' id='word_1_254' title='bbox 1034 2496 1117 2524; x_wconf 90' lang='lat' dir='ltr'>non</span> <span class='ocrx_word' id='word_1_255' title='bbox 1147 2483 1230 2523; x_wconf 87' lang='lat' dir='ltr'>iam</span> <span class='ocrx_word' id='word_1_256' title='bbox 1256 2482 1459 2527; x_wconf 82' lang='lat' dir='ltr'>Caelium,</span> <span class='ocrx_word' id='word_1_257' title='bbox 1484 2482 1562 2523; x_wconf 85' lang='lat' dir='ltr'>sed</span> <span class='ocrx_word' id='word_1_258' title='bbox 1584 2483 1711 2536; x_wconf 87' lang='lat' dir='ltr'>plane</span> 
     </span>
     <span class='ocr_line' id='line_1_32' title="bbox 222 2552 1112 2608; baseline 0.002 -16"><span class='ocrx_word' id='word_1_259' title='bbox 222 2552 419 2593; x_wconf 88' lang='lat' dir='ltr'>caelitem</span> <span class='ocrx_word' id='word_1_260' title='bbox 452 2554 626 2606; x_wconf 86' lang='lat' dir='ltr'>putabo.</span> <span class='ocrx_word' id='word_1_261' title='bbox 663 2555 780 2596; x_wconf 89' lang='lat' dir='ltr'>Bene</span> <span class='ocrx_word' id='word_1_262' title='bbox 814 2555 933 2596; x_wconf 88' lang='lat' dir='ltr'>Vale.</span> <span class='ocrx_word' id='word_1_263' title='bbox 970 2554 1112 2608; x_wconf 83' lang='lat' dir='ltr'>Agria.</span> 
     </span>
    </p>
   </div>
   <div class='ocr_carea' id='block_1_7' title="bbox 448 2670 1481 2727">
    <p class='ocr_par' dir='ltr' id='par_1_7' title="bbox 448 2670 1481 2727">
     <span class='ocr_line' id='line_1_33' title="bbox 448 2670 1481 2727; baseline 0.002 -16"><span class='ocrx_word' id='word_1_264' title='bbox 448 2685 484 2725; x_wconf 93' lang='lat' dir='ltr'>p.</span> <span class='ocrx_word' id='word_1_265' title='bbox 519 2670 585 2714; x_wconf 82' lang='grc'>96.</span> <span class='ocrx_word' id='word_1_266' title='bbox 637 2671 806 2713; x_wconf 62' lang='lat' dir='ltr'>Caelius</span> <span class='ocrx_word' id='word_1_267' title='bbox 845 2671 933 2714; x_wconf 72' lang='lat' dir='ltr'>Gal.</span> <span class='ocrx_word' id='word_1_268' title='bbox 968 2671 1221 2713; x_wconf 69' lang='lat' dir='ltr'>Sebastiano</span> <span class='ocrx_word' id='word_1_269' title='bbox 1255 2671 1401 2727; x_wconf 56' lang='lat' dir='ltr'>lllayio</span> <span class='ocrx_word' id='word_1_270' title='bbox 1435 2671 1481 2713; x_wconf 83' lang='lat' dir='ltr'>S.</span> 
     </span>
    </p>
   </div>
   <div class='ocr_carea' id='block_1_8' title="bbox 220 2764 1709 2959">
    <p class='ocr_par' dir='ltr' id='par_1_8' title="bbox 220 2764 1709 2959">
     <span class='ocr_line' id='line_1_34' title="bbox 340 2764 1709 2820; baseline 0.001 -14"><span class='ocrx_word' id='word_1_271' title='bbox 340 2766 423 2806; x_wconf 92' lang='lat' dir='ltr'>Hui</span> <span class='ocrx_word' id='word_1_272' title='bbox 456 2764 502 2819; x_wconf 78' lang='lat'>(1)</span> <span class='ocrx_word' id='word_1_273' title='bbox 547 2773 644 2820; x_wconf 91' lang='lat' dir='ltr'>post</span> <span class='ocrx_word' id='word_1_274' title='bbox 690 2781 847 2808; x_wconf 92' lang='lat' dir='ltr'>annum</span> <span class='ocrx_word' id='word_1_275' title='bbox 891 2767 1149 2808; x_wconf 83' lang='lat' dir='ltr'>versiculum</span> <span class='ocrx_word' id='word_1_276' title='bbox 1195 2767 1249 2808; x_wconf 88' lang='lat' dir='ltr'>ad</span> <span class='ocrx_word' id='word_1_277' title='bbox 1283 2781 1348 2808; x_wconf 89' lang='lat' dir='ltr'>me</span> <span class='ocrx_word' id='word_1_278' title='bbox 1382 2781 1524 2817; x_wconf 85' lang='lat' dir='ltr'>unum,</span> <span class='ocrx_word' id='word_1_279' title='bbox 1570 2779 1709 2818; x_wconf 91' lang='lat' dir='ltr'>neque</span> 
     </span>
     <span class='ocr_line' id='line_1_35' title="bbox 220 2837 1709 2891; baseline 0.001 -15"><span class='ocrx_word' id='word_1_280' title='bbox 220 2849 318 2877; x_wconf 89' lang='lat' dir='ltr'>eum</span> <span class='ocrx_word' id='word_1_281' title='bbox 353 2837 523 2889; x_wconf 89' lang='lat' dir='ltr'>quidem</span> <span class='ocrx_word' id='word_1_282' title='bbox 555 2838 780 2891; x_wconf 82' lang='lat' dir='ltr'>integrum,</span> <span class='ocrx_word' id='word_1_283' title='bbox 816 2845 858 2879; x_wconf 93' lang='lat' dir='ltr'>et</span> <span class='ocrx_word' id='word_1_284' title='bbox 891 2838 943 2879; x_wconf 92' lang='lat' dir='ltr'>de</span> <span class='ocrx_word' id='word_1_285' title='bbox 977 2851 1043 2878; x_wconf 89' lang='lat' dir='ltr'>me</span> <span class='ocrx_word' id='word_1_286' title='bbox 1078 2839 1268 2890; x_wconf 86' lang='lat' dir='ltr'>quereris</span> <span class='ocrx_word' id='word_1_287' title='bbox 1302 2838 1415 2891; x_wconf 91' lang='lat' dir='ltr'>quod</span> <span class='ocrx_word' id='word_1_288' title='bbox 1442 2838 1547 2879; x_wconf 91' lang='lat' dir='ltr'>nihil</span> <span class='ocrx_word' id='word_1_289' title='bbox 1580 2837 1635 2878; x_wconf 89' lang='lat' dir='ltr'>ad</span> <span class='ocrx_word' id='word_1_290' title='bbox 1667 2843 1709 2877; x_wconf 91' lang='lat' dir='ltr'>te</span> 
     </span>
     <span class='ocr_line' id='line_1_36' title="bbox 220 2907 1708 2959; baseline 0.001 -13"><span class='ocrx_word' id='word_1_291' title='bbox 220 2907 419 2957; x_wconf 87' lang='lat' dir='ltr'>scribam,</span> <span class='ocrx_word' id='word_1_292' title='bbox 456 2907 712 2949; x_wconf 81' lang='lat' dir='ltr'>Sebastiane</span> <span class='ocrx_word' id='word_1_293' title='bbox 748 2908 933 2949; x_wconf 90' lang='lat' dir='ltr'>omnium</span> <span class='ocrx_word' id='word_1_294' title='bbox 968 2909 1067 2949; x_wconf 90' lang='lat' dir='ltr'>olim</span> <span class='ocrx_word' id='word_1_295' title='bbox 1100 2908 1428 2959; x_wconf 85' lang='lat' dir='ltr'>officiosissime,</span> <span class='ocrx_word' id='word_1_296' title='bbox 1463 2922 1575 2950; x_wconf 91' lang='lat' dir='ltr'>nunc</span> <span class='ocrx_word' id='word_1_297' title='bbox 1607 2920 1708 2949; x_wconf 87' lang='lat' dir='ltr'>vero</span> 
     </span>
    </p>
   </div>
   <div class='ocr_carea' id='block_1_9' title="bbox 1871 3175 1898 3243">
    <p class='ocr_par' dir='ltr' id='par_1_9' title="bbox 1871 3175 1898 3243">
     <span class='ocr_line' id='line_1_37' title="bbox 1871 3175 1885 3243; textangle 90"><span class='ocrx_word' id='word_1_298' title='bbox 1871 3194 1885 3243; x_wconf 55' lang='lat'>150-</span> <span class='ocrx_word' id='word_1_299' title='bbox 1877 3175 1885 3182; x_wconf 77' lang='lat'>¹.</span> 
     </span>
     <span class='ocr_line' id='line_1_38' title="bbox 1890 3209 1898 3236; textangle 90"><span class='ocrx_word' id='word_1_300' title='bbox 1890 3209 1898 3236; x_wconf 54' lang='grc' dir='ltr'>-κ</span> 
     </span>
    </p>
   </div>
  </div>
 </body>
</html>
