1898 3278
1533 176 1578 209 75

101 315 222 365 Quae
255 322 426 370 praeter
457 315 786 357 illustrissimum
819 315 1087 368 Alphonsum
1120 316 1388 372 (Alponsum)
1420 319 1581 372 Arago-

99 386 228 435 nium,
273 387 485 427 neminem
517 386 599 428 hoc
631 394 822 440 tempore
856 386 970 441 apud
1004 401 1051 428 se
1083 387 1275 429 invenire
1311 389 1479 442 poterit,
1513 390 1582 431 cui

99 463 189 498 tuto
223 457 434 498 exercitus
468 457 671 498 committi
703 463 845 509 queat.
879 457 1164 512 Deploremus
1184 459 1312 511 igitur
1343 459 1580 514 Hesperiae

99 527 336 579 orbitatem,
371 534 415 569 et
436 527 561 569 divae
584 528 682 568 huic
716 527 924 569 Corvinae
959 527 1190 569 Serenitati
1212 531 1579 583 congratulemur:

99 599 256 652 quippe
280 611 389 651 quae
406 598 621 652 jacturam
641 599 774 640 nostri
796 599 1013 652 temporis,
1045 606 1262 651 gestarum
1285 614 1422 642 rerum
1446 602 1582 654 gloria

97 670 157 710 ita
188 668 368 711 resarsz‘t
390 666 620 722 (resarxit)7
654 676 699 710 ut
726 670 836 711 haec
870 675 991 710 aetas
1015 670 1188 721 habeat,
1219 671 1332 724 quod
1355 672 1581 714 universae

97 741 156 781 ita
188 741 325 794 possit
349 740 539 794 objicere
562 740 778 791 vetustati,
813 746 857 781 ut
879 740 953 781 illa
976 741 1150 795 saepius
1174 742 1453 783 obmutescat.
1489 743 1581 784 Hoc

98 824 150 852 ex
167 811 415 852 Philostrati
437 812 619 853 lectione
643 824 896 864 cognosces,
919 811 1126 866 Princeps
1144 813 1435 863 invictissime,
1455 827 1580 866 quem

96 882 324 923 Poetarum
343 881 685 936 interpretationi
703 883 887 923 maxime
910 884 1216 935 necessarium,
1235 883 1278 924 in
1298 884 1446 925 Novae
1472 884 1580 925 Civi-

96 952 197 993 tatis
241 952 479 1003 obsidione,
524 952 623 993 dum
669 966 764 994 cum
809 953 920 994 Diva
962 953 1102 1007 Reyz'a
1140 952 1321 1008 (regina)
1367 955 1579 1006 Beatrice,

96 1023 281 1064 omnium
313 1023 445 1064 nostri
478 1023 639 1064 saeculi
675 1024 896 1065 mulierum
931 1025 1262 1078 sapientissima,
1295 1026 1452 1066 nostris
1493 1034 1578 1067 stu-

96 1093 176 1135 diis
208 1107 284 1148 pro
328 1094 472 1135 fausta
516 1094 782 1147 benignitate
816 1108 894 1136 sua
926 1095 1154 1136 admodum
1201 1096 1430 1148 delectata⁷
1465 1097 1579 1138 haud

96 1165 243 1218 procul
264 1178 289 1205 a
312 1165 464 1205 castris
487 1165 825 1217 hibernaremus,
844 1165 954 1207 inter
975 1167 1180 1207 tumultus
1199 1167 1398 1217 hostium,
1422 1167 1579 1209 Machi-

96 1248 328 1287 narumque
360 1235 569 1288 fragores,
602 1236 736 1277 tribus
769 1237 860 1278 fere
892 1237 1112 1278 mensibus
1146 1250 1168 1278 e
1200 1237 1366 1279 Graeco
1399 1239 1441 1278 in
1465 1239 1578 1279 Lati-

95 1319 193 1346 num
227 1319 331 1347 sane
365 1306 642 1348 traduximus.
679 1308 786 1349 Nam
811 1321 905 1349 cum
926 1307 1087 1349 Tideus
1110 1314 1269 1359 noster7
1304 1309 1443 1362 arguti
1467 1323 1577 1350 com-

94 1390 172 1430 pos
205 1377 378 1431 ingenii,
414 1384 456 1418 et
487 1378 550 1418 vir
582 1379 773 1431 apprime
808 1378 1013 1429 eruditus,
1048 1392 1113 1419 me
1137 1377 1218 1420 otio
1246 1393 1322 1420 suo
1355 1378 1577 1433 (ociosum)

96 1447 361 1499 offendisset,
395 1449 508 1490 hunc
539 1449 691 1490 librum
721 1449 896 1499 obtulit3
933 1463 1014 1503 quo
1041 1450 1253 1503 ingratum
1286 1464 1427 1492 meum
1447 1450 1578 1492 otium

95 1520 352 1560 consolarer.
377 1520 574 1561 Accessit
594 1521 732 1562 Julius
756 1521 974 1563 Aemilius
998 1527 1143 1562 vester
1158 1520 1364 1571 Medicus7
1390 1522 1442 1563 de
1465 1523 1577 1563 vale-

94 1589 240 1631 tudine
285 1598 429 1632 vestra
473 1604 643 1645 semper
675 1592 831 1645 optime
866 1592 1053 1641 meritus,
1101 1599 1143 1633 et
1174 1593 1310 1634 Poeta
1355 1607 1460 1634 sane
1493 1607 1577 1634 non

95 1661 444 1703 contemnendus.
476 1662 581 1703 Item
607 1662 854 1716 Stephanus
879 1663 1066 1717 Crispus,
1092 1664 1412 1705 Protonotarius
1435 1665 1576 1705 Ponti-

94 1731 229 1783 ficius,
264 1739 305 1773 et
327 1746 412 1773 non
435 1733 570 1774 solum
604 1734 816 1787 probitate
849 1735 1054 1787 ingenita,
1090 1735 1167 1775 sed
1200 1735 1381 1776 Latinae
1402 1735 1576 1789 linguae

95 1803 312 1856 elegantia
333 1810 583 1853 praestans;
618 1805 688 1857 qui
712 1819 777 1846 me
800 1806 841 1846 in
865 1806 1130 1847 traducendo
1155 1819 1286 1859 saepe
1311 1820 1445 1859 usque
1469 1806 1581 1847 adeo

94 1873 347 1928 adurgebat,
381 1881 425 1915 ut
459 1875 716 1928 quandoque
750 1875 979 1917 admodum
1013 1878 1218 1923 timerem
1253 1891 1305 1918 nc
1331 1891 1353 1918 e
1375 1877 1583 1919 festinata

93 1945 175 1986 hac
189 1945 357 1986 foetura
376 1945 599 1998 quicquam
617 1946 788 1987 ederem
804 1947 1069 1988 inmaturum.
1087 1948 1273 1989 Proinde
1292 1948 1467 2000 Trojani
1484 1949 1585 1990 belli

92 2015 246 2056 Vestra
279 2016 487 2069 Majestas
521 2016 671 2069 impris
695 2018 931 2072 (imprimis)
966 2019 1139 2061 heroica
1171 2019 1317 2072 legere
1352 2019 1576 2073 dignetur3

94 2086 207 2127 unde
240 2087 383 2128 facille
410 2088 633 2141 intelliget,
668 2089 896 2142 pensitatis
921 2088 1098 2130 Graecis
1122 2089 1410 2143 Trojanisque
1434 2090 1581 2131 Heroi-

93 2158 187 2209 bus,
233 2158 304 2210 qui
336 2158 432 2212 plus
465 2158 704 2210 mendacio,
752 2173 878 2212 quam
916 2160 1086 2200 veritati
1120 2160 1386 2211 debuerunt;
1431 2175 1473 2202 se
1506 2159 1583 2213 (te)

94 2228 190 2282 plus
234 2229 417 2270 nominis
463 2243 514 2270 ex
547 2231 744 2271 Austriae
791 2237 969 2278 tantum,
1017 2244 1139 2283 quam
1173 2232 1269 2272 illos
1303 2246 1354 2273 ex
1389 2232 1579 2285 Trojano

93 2299 206 2340 bello
232 2301 531 2353 promeruisse.
569 2301 736 2342 Utinam
760 2302 901 2355 igitur⁷
925 2303 1112 2343 utinam!
1148 2303 1318 2355 quando
1343 2310 1580 2357 temporum

94 2370 314 2411 maturitas
346 2370 533 2422 advenit,
569 2378 611 2412 et
644 2372 826 2413 omnium
852 2379 917 2414 est
938 2373 1187 2415 vicissitudo
1211 2388 1452 2427 regnorum,
1476 2375 1580 2427 legi-

93 2441 232 2493 timos,
266 2443 523 2495 nuncupatis
556 2443 680 2493 votis,
718 2457 991 2496 quaesumus,
1031 2445 1106 2485 illa
1138 2445 1254 2486 vivat
1289 2445 1443 2486 annos!
1480 2458 1580 2498 quo-

93 2525 229 2565 usque
252 2519 502 2567 usurpatum
528 2520 754 2567 utrumque
784 2528 808 2554 a
832 2514 999 2556 duabus
1017 2515 1213 2556 barbaris
1236 2517 1482 2557 nationibus
1506 2517 1579 2556 im-

92 2582 269 2636 perium,
302 2583 344 2624 in
378 2590 507 2635 tuam,
541 2591 587 2626 ut
618 2599 696 2639 par
729 2593 807 2637 est,
830 2585 1052 2641 redigatur
1071 2584 1271 2641 (redigat)
1304 2593 1579 2641 potestatem.

95 2652 181 2694 Sed
202 2660 430 2707 antequam
454 2655 563 2697 haec
584 2656 720 2709 legas,
752 2656 805 2698 de
828 2657 1077 2698 Philostrati
1104 2658 1193 2699 vita
1213 2664 1277 2699 est
1309 2658 1469 2710 aliquid
1494 2657 1580 2698 (lis-

94 2724 331 2765 serendum.
353 2725 365 2746 ¹

212 2888 479 2923 ¹K6vetkezik
516 2891 760 2925 Philostratus
799 2890 985 2936 eletrajza„
1028 2901 1141 2935 „quae
1179 2896 1301 2927 tamen
1341 2892 1372 2925 in
1401 2892 1577 2926 iuniorem

92 2947 214 2990 potius
241 2959 348 2992 quam
376 2949 556 2984 seniorem
583 2950 771 2985 60111161ήῖιι
803 2970 844 2974 -
873 2951 1022 2995 mondja
1048 2951 1182 2986 Kollar.
