1898 3278
253 116 299 148 26

255 259 466 312 quispiam
512 258 664 300 viderit
713 258 886 299 filiolum
936 257 1056 299 multi
1106 271 1171 300 me
1219 258 1337 299 inani
1383 271 1460 313 spe
1510 259 1740 301 eiulantem

254 331 447 371 solantur
491 342 647 371 nomen
688 329 904 382 inquirunt
937 329 1149 383 deperditi
1180 329 1404 371 Aethicum
1437 329 1521 371 illis
1554 330 1739 379 nomino,

254 400 355 454 quid
389 399 433 454 (1)
468 400 525 441 dii
557 401 819 442 immortales
854 414 933 442 nec
969 413 1122 441 nomen
1157 406 1317 451 tenent,
1351 414 1522 442 recurro
1555 414 1651 442 mox
1684 401 1741 443 ad

253 472 375 523 alios,
422 478 464 513 et
496 471 669 513 tandem
717 472 824 513 alios
858 473 930 525 qui
962 472 1071 513 forte
1106 471 1285 513 theatris
1328 472 1622 524 constiterant,
1667 479 1740 514 aut

252 544 336 584 alio
370 542 525 597 pedem
557 542 753 594 fixerant,
801 557 928 585 nemo
962 543 1202 586 mortalium
1235 543 1336 584 mihi
1368 544 1603 585 miserrimo
1635 543 1678 585 in
1701 544 1743 586 di

254 615 363 655 cium
397 614 514 665 facit,
561 628 641 656 nec
675 615 832 656 desunt
865 615 936 667 qui
982 612 1108 669 (quos
1142 614 1201 655 dii
1234 628 1381 656 omnes
1422 616 1613 669 ecapites
1645 615 1741 657 red-

252 684 371 739 dant)
401 699 467 727 me
500 686 689 727 irrident.
736 687 830 728 Heu
866 686 1066 727 miserum
1100 699 1178 736 me,
1213 686 1283 739 qui
1315 692 1435 728 tanta
1466 687 1550 728 iam
1583 693 1740 738 aetate,

252 756 391 809 ludos,
425 757 699 809 festivitates,
736 757 1037 809 amoenitates,
1073 757 1265 809 delicias,
1300 764 1343 799 et
1369 758 1500 800 vitam
1533 771 1628 800 cum
1655 758 1741 800 filio

252 829 386 870 amisi.
421 829 539 870 Heus
568 842 718 870 omnes
753 828 951 870 advenae
984 829 1254 881 incolaeque,
1285 830 1432 882 ecquis
1465 843 1606 871 meum
1637 828 1742 872 vidit

252 905 428 952 gnatum
451 898 929 954 parvulumjparvulum
953 900 1127 952 inquam
1157 901 1486 953 quinquennem.
1520 901 1610 942 Vae
1634 913 1741 942 cano

252 971 383 1024 capiti
427 977 511 1022 tuo,
557 984 703 1023 senex,
755 971 826 1024 qui
870 972 931 1012 ita
976 985 1066 1012 rem
1114 978 1231 1013 tuam
1276 985 1401 1013 curas
1445 972 1739 1025 neglegenter.

252 1041 568 1083 HALIARCVS
600 1041 753 1084 Senex.
792 1042 896 1092 Quis
924 1043 993 1084 hic
1017 1045 1105 1084 suis
1132 1043 1290 1097 ineptis
1313 1042 1570 1084 clamoribus
1594 1056 1742 1085 omnes

251 1114 400 1167 opplet
445 1114 628 1167 plateas,
678 1120 899 1167 totumque
961 1114 1183 1156 confundit
1227 1114 1423 1165 vicinum,
1471 1114 1541 1155 ibo
1590 1114 1740 1165 uisam,

252 1185 447 1237 quisnam
492 1185 684 1238 gentium
730 1185 854 1238 quasi
898 1185 1027 1237 follis,
1074 1186 1302 1240 oppleatur
1340 1185 1582 1226 eiulatibus.
1628 1185 1742 1226 Proh

250 1255 419 1309 Jupiter
463 1256 563 1309 quid
597 1256 737 1307 video,
784 1270 930 1298 eccum
978 1270 1125 1298 senem
1164 1257 1362 1308 vicinum,
1409 1256 1615 1298 accedam
1647 1270 1742 1310 pro-

251 1327 360 1381 pius,
394 1333 439 1368 ut
473 1328 587 1380 quod
619 1328 679 1369 illi
709 1328 809 1369 mali
843 1328 1068 1370 obuenerit
1101 1334 1277 1380 scruter,
1319 1328 1599 1382 compellabo,
1643 1341 1742 1368 nam

252 1398 381 1439 miser
423 1399 570 1440 oculos
616 1399 733 1440 humi
767 1399 926 1441 defixit.
979 1400 1134 1441 Salvus
1179 1407 1223 1441 ut
1269 1400 1327 1441 sis
1360 1405 1402 1440 te
1441 1405 1538 1441 tuus
1584 1399 1742 1441 salutat

252 1482 439 1511 coaevus
486 1470 674 1512 Clearce.
726 1470 920 1513 CLEAR.
971 1471 1076 1521 Quis
1121 1485 1188 1512 me
1235 1485 1441 1513 coaevum
1487 1471 1567 1512 sibi
1611 1470 1742 1512 tantis

250 1554 507 1595 oppressum
547 1542 669 1583 malis
703 1543 894 1584 nominat
909 1542 930 1583 ἶ)
976 1543 1121 1584 HALI.
1166 1543 1350 1597 Respice
1390 1556 1523 1584 senex
1566 1541 1741 1597 lepidis-

251 1612 370 1654 sime.
420 1613 615 1655 CLEAR.
662 1614 757 1655 Heu
791 1614 990 1656 Haliarce
1025 1620 1066 1655 et
1098 1621 1143 1655 tu
1177 1615 1310 1665 salve,
1350 1614 1428 1655 sed
1467 1627 1541 1655 cur
1580 1626 1741 1666 quaeso

251 1684 320 1724 cui
354 1684 411 1725 dii
444 1685 555 1726 male
589 1686 737 1726 volunt
769 1685 868 1727 huic
902 1692 944 1727 et
977 1693 1021 1726 tu
1054 1686 1196 1727 illudis
1229 1685 1368 1727 modo.
1402 1685 1490 1726 HA.
1523 1685 1616 1738 Ego
1649 1684 1743 1726 illu-

252 1754 387 1796 dam‘?
421 1756 492 1808 qui
525 1756 706 1797 obsecro
726 1756 748 1797 ἶ)
784 1756 940 1798 CLEA.
976 1756 1087 1806 Quia
1118 1757 1308 1811 lepidum
1329 1770 1396 1798 me
1421 1770 1569 1798 senem
1593 1755 1742 1797 aiebas

251 1826 387 1868 modo.
421 1827 510 1867 HA.
543 1827 638 1869 Non
672 1828 800 1869 miror
829 1829 864 1869 si
898 1829 980 1870 hac
1007 1835 1150 1870 aetate
1185 1841 1284 1870 111οΧ
1307 1829 1532 1870 molestum
1558 1827 1740 1878 accidat,

250 1904 318 1939 est
350 1898 419 1940 hic
451 1900 683 1952 peculiaris
717 1913 881 1952 senum,
916 1901 1074 1942 morosi
1106 1906 1151 1941 ut
1185 1901 1308 1949 sient,
1342 1899 1526 1951 morbus,
1563 1898 1640 1941 sed
1674 1898 1742 1940 dic

250 1970 353 2011 mihi
386 1983 458 2011 cur
490 1976 576 2011 tam
598 1970 768 2012 tristis?
805 1971 961 2012 GLEA.
996 1971 1179 2021 Quaeris
1194 1971 1216 2012 ἶ)
1248 1972 1376 2012 HAL.
1412 1970 1524 2020 Quid
1546 1970 1589 2011 ni
1613 1983 1741 2023 quae-

250 2054 338 2082 ram
385 2042 531 2094 quiid
564 2056 782 2095 nunquam
828 2043 1038 2091 sciverim,
1084 2056 1165 2084 nec
1198 2050 1239 2084 te
1284 2049 1457 2097 praeter
1500 2055 1613 2083 nunc
1651 2048 1741 2083 toto

250 2125 398 2153 11161156
432 2113 621 2155 viderim.
670 2114 786 2155 CLE.
821 2114 976 2155 Filium
1008 2114 1186 2168 perdidi.
1232 2114 1358 2155 HAL.
1394 2111 1583 2154 Filium?
1623 2112 1743 2154 CLE.

249 2182 436 2224 Gnatum
459 2184 641 2225 unicum.
676 2185 801 2226 HAL.
835 2185 1021 2226 Gnatum
1043 2184 1250 2227 unicum?
1285 2185 1404 2226 CLE.
1426 2184 1567 2226 Vitam
1589 2190 1740 2225 totum-

250 2267 332 2306 que
372 2255 528 2296 aetatis
574 2270 696 2297 meae
743 2257 948 2298 solamen.
1002 2256 1129 2297 HAL.
1177 2256 1311 2306 Quem
1360 2254 1575 2298 obsecro?
1623 2260 1740 2296 tuum

250 2325 510 2367 Aethieum'?
556 2327 628 2368 ubi
659 2327 887 2381 gentium?
936 2328 1055 2369 CLE.
1099 2327 1146 2368 In
1180 2328 1315 2368 sacris
1360 2327 1601 2381 Appollinis
1641 2326 1740 2367 duni

248 2397 458 2445 sacrifico,
491 2398 728 2440 infantulus
762 2399 886 2440 ludos
922 2399 1099 2440 miratur
1132 2412 1258 2451 quem
1293 2412 1373 2452 ego
1396 2399 1525 2439 miser
1556 2397 1740 2451 posthac

250 2467 335 2508 vidi
369 2482 599 2521 nunquam.
646 2470 734 2510 HA.
768 2470 833 2511 Ne
854 2470 1125 2524 lachrymare
1150 2469 1231 2510 hac
1255 2476 1413 2521 aetate,
1443 2482 1588 2519 seneX,
1614 2481 1739 2521 quem

248 2544 310 2579 tot
344 2540 445 2580 anni
478 2547 520 2581 et
552 2554 665 2581 nunc
711 2541 845 2582 ferme
894 2541 1098 2582 orbarunt
1130 2540 1373 2582 luminibus.
1427 2540 1545 2581 CLE.
1583 2539 1649 2580 Ah
1684 2539 1739 2580 ah

247 2610 461 2662 Haliarce,
498 2625 624 2664 quam
652 2612 720 2654 hic
748 2612 866 2654 cordi
890 2619 956 2653 est
985 2612 1141 2653 charus
1165 2624 1272 2652 meo.
1320 2611 1409 2652 HA.
1443 2611 1539 2652 Non
1561 2609 1738 2661 inficior,

258 2693 404 2721 verum
437 2682 519 2724 hoc
548 2684 674 2724 unico
709 2684 849 2724 solare
885 2684 1050 2734 saltem,
1086 2683 1185 2735 quia
1219 2683 1303 2723 iam
1337 2682 1546 2724 decennio
1580 2687 1621 2722 et
1656 2680 1742 2722 filio

247 2758 290 2792 et
322 2752 503 2806 fugitivo
538 2754 663 2795 simul
709 2768 832 2795 servo
869 2767 1009 2804 careo,
1057 2767 1205 2795 eamus
1239 2754 1362 2803 intro,
1409 2759 1529 2806 terge
1576 2753 1738 2803 oculos,

249 2823 311 2863 sic
345 2823 424 2865 diis
458 2824 567 2865 forte
603 2826 809 2879 placitum
843 2831 920 2875 est,
967 2839 1020 2866 116
1055 2825 1153 2866 dum
1187 2825 1312 2866 fiilios
1352 2823 1540 2866 efflictim
1575 2823 1740 2878 deperi-

256 2907 349 2934 mus
384 2908 458 2936 eos
492 2895 776 2948 negligamus.
825 2896 980 2937 CLEA.
1016 2896 1147 2937 Licet.
