1919 3273
119 314 162 348 60

117 669 160 702 65

115 1024 159 1058 70

113 1381 157 1414 75

113 1737 157 1771 80

112 2094 155 2128 85

111 2449 155 2483 90

1479 93 1548 127 421

218 234 323 276 Inde
357 234 443 276 doli
476 247 655 289 serpens
687 247 851 288 poenas
884 236 1090 289 persolvit
1120 236 1264 289 iniqui,

277 305 387 346 Dum
420 306 582 347 varium
614 318 771 359 repens
806 307 1016 358 quaeritat
1049 307 1147 347 exul
1177 307 1268 349 iter.

220 375 290 417 Sic
323 376 535 418 hominem
569 376 743 418 colubro
776 389 860 417 non
894 384 1062 417 cautum
1095 378 1370 431 praeterienti

278 447 518 500 Hospitium
552 447 692 497 tellus,
728 446 841 499 quod
873 446 992 488 dedit
1024 453 1137 499 ante,
1170 455 1313 501 negat,

218 517 283 558 De
317 517 450 558 vetita
481 517 678 558 miseram
712 517 1000 570 quaesivimus
1034 519 1185 560 arbore
1218 525 1408 571 mortem,

275 588 322 629 In
355 588 486 630 vetito
518 601 664 629 rursus
697 588 841 642 stipite
874 589 961 631 vita
993 589 1083 631 fuit.

218 658 288 700 Sic
323 665 364 700 et
396 672 447 699 ac
479 659 619 700 Hillea
652 658 827 700 caderet
860 672 955 700 cum
987 660 1207 714 Telephus
1241 661 1367 702 hasta

277 730 496 770 Abnuerat
528 730 739 771 medicam
773 743 940 771 sumere
973 731 1125 772 vulnus
1159 745 1283 785 opem

215 801 428 855 Delphica
462 801 560 841 dum
593 801 808 855 placidam
842 802 1005 855 spirant
1037 803 1210 843 oracula
1244 816 1403 855 vocem,

276 872 417 913 Causa
450 873 503 913 sit
535 873 644 913 haec
676 873 805 925 vitae,
839 886 949 925 quae
983 872 1061 913 fuit
1094 873 1220 914 hasta
1251 874 1383 915 necis.

214 943 348 985 Maior
380 950 425 984 ut
458 944 654 985 humanis
688 949 936 998 superesset
969 945 1110 985 cautio
1142 945 1285 998 rebus,

275 1014 437 1068 Sponte
472 1016 565 1056 tulit
597 1015 736 1056 deitas
770 1015 936 1057 obsidio
968 1016 1066 1069 ipsa
1097 1016 1247 1058 vicem.

214 1086 365 1136 Totius
398 1086 573 1127 humani
605 1087 777 1140 generis
810 1086 1018 1140 perfectio
1054 1086 1241 1127 Christil

274 1158 386 1199 Mors
413 1164 516 1209 erat7
540 1158 649 1199 haec
670 1156 902 1199 summum2'
933 1158 1090 1212 quippe
1113 1159 1281 1212 peregit
1302 1171 1420 1212 opus.

215 1228 309 1269 Non
343 1241 469 1269 secus
493 1228 548 1269 ad
577 1242 721 1270 veram
754 1228 925 1281 quando
958 1229 1157 1270 formavit
1191 1230 1406 1281 amussim,

273 1298 408 1341 Omne
443 1299 575 1341 decus
607 1313 745 1341 rerum
777 1300 958 1354 provida
990 1314 1090 1342 cura
1122 1301 1229 1351 Dei3

213 1371 331 1412 Finis
365 1371 506 1413 adhuc
539 1371 702 1419 aberat,
737 1370 1001 1425 (respectant
1034 1373 1175 1413 omnia
1208 1370 1365 1424 finem)

272 1443 383 1484 Tota
415 1448 545 1497 caput
577 1443 709 1485 voluit
741 1443 941 1484 machina
973 1456 1102 1484 nosse
1136 1456 1271 1485 suum.

213 1513 320 1555 Hinc
353 1514 567 1555 hominem
602 1514 708 1555 deus
742 1527 764 1554 e
797 1514 896 1555 limo
931 1514 1194 1555 confinxerat
1226 1514 1310 1555 udo

272 1586 434 1626 Urania
466 1585 568 1626 fecit
602 1599 727 1638 quem
761 1585 842 1626 sibi
874 1592 1016 1626 mente
1049 1599 1210 1639 parem.

215 1656 341 1697 Solus
374 1657 499 1697 homo
533 1657 644 1698 vasti
677 1657 738 1698 sic
771 1655 1107 1698 consummatio3
1142 1656 1287 1697 mundi

271 1727 491 1781 Plenaque
525 1728 654 1769 totius
687 1741 850 1769 summa
881 1727 1040 1768 laboris
1074 1734 1177 1769 erat.

212 1799 303 1841 Nec
326 1799 537 1841 modicum
559 1800 705 1851 refert,
728 1799 841 1852 quod
863 1812 942 1840 nos
963 1799 1070 1840 deus
1092 1799 1186 1852 ipse
1209 1798 1401 1851 redemit,

271 1870 367 1911 Non
398 1884 476 1924 per
509 1871 688 1912 serviles
722 1870 1028 1923 angelicasque
1061 1883 1227 1912 manus,

214 1940 258 1983 Si
290 1948 443 1982 natura
476 1941 673 1993 hominis,
708 1942 743 1982 si
776 1955 951 1995 pessum
983 1941 1129 1982 forsan
1163 1941 1339 1991 abisset,

274 2012 524 2054 Sensissent
558 2013 756 2054 damnum
791 2019 945 2054 cuncta.
977 2018 1123 2054 creata
1156 2026 1290 2054 suum.

212 2084 287 2125 Ille
307 2084 477 2137 quidem
502 2084 665 2126 cunctis
687 2082 993 2137 (microscosmi
1016 2084 1097 2125 1106
1119 2085 1290 2124 1101111116
1315 2082 1501 2138 signant)

270 2155 459 2197 Naturae
492 2156 627 2197 fertur
658 2155 916 2209 participare
950 2155 1088 2207 1101113,

212 2227 333 2268 Η11116
365 2226 493 2280 igitur
528 2227 677 2283 merito
711 2225 792 2277 (sic
825 2225 1052 2278 credimus)
1084 2227 1155 2267 ille
1188 2226 1367 2267 redemit

270 2297 418 2339 Omnis
451 2306 629 2339 naturae
664 2297 734 2351 qui
766 2298 890 2339 simul
922 2304 1070 2339 auctor
1102 2305 1204 2338 erat.

211 2368 333 2410 Adde
367 2368 481 2422 quod
515 2368 699 2409 heredes
732 2368 885 2422 opibus
919 2368 1118 2422 spoliavit
1152 2368 1290 2418 avitis⁷

270 2440 322 2480 Et
356 2440 431 2481 tibi
464 2441 592 2494 plena
624 2440 749 2480 bonis
783 2440 943 2492 scripta
974 2439 1135 2480 tabella
1167 2439 1260 2480 fuit.

210 2511 490 2564 Heredesque
526 2511 608 2553 sibi
641 2524 719 2552 nos
752 2511 885 2564 patris
919 2510 1092 2564 adoptio
1128 2510 1243 2561 fecit,

269 2582 374 2624 Inde
408 2582 645 2624 coheredes
677 2582 761 2623 iam
793 2582 882 2632 tibi,
917 2581 1098 2633 Christe,
1119 2581 1132 2602 ⁴
1168 2594 1322 2622 sumus.

210 2652 344 2695 Nemo
377 2654 478 2695 licet
511 2654 667 2708 poterit
700 2652 905 2703 (summus
939 2653 1020 2693 nisi
1053 2652 1227 2693 traxerit
1258 2652 1376 2693 illum

270 2724 433 2778 Sponte
466 2722 642 2778 parens)
674 2724 748 2765 illa
779 2724 1065 2778 prosperitate
1097 2723 1192 2775 frui,

182 2873 193 2893 ¹
221 2873 339 2909 Gristi.
391 2874 403 2893 ²
431 2885 584 2909 sumum.
636 2874 648 2894 ³
674 2874 918 2909 consumacio.
972 2874 983 2892 ⁴
1006 2873 1134 2908 Criste.
