1898 3278
1542 167 1584 200 91

100 309 197 361 plus
230 306 357 348 nimio
392 306 445 348 de
479 307 665 348 amicitia
698 320 872 358 secure3
907 321 987 348 nec
1021 308 1131 349 enim
1155 309 1272 350 lubet
1295 309 1586 362 negligentem

99 378 332 432 appellare.
383 378 448 418 Tu
492 391 592 419 vero
638 392 802 419 mecum
848 379 1111 431 expostulas,
1158 379 1270 432 quod
1311 380 1418 421 nihil
1456 380 1511 421 ad
1544 386 1585 421 te

98 449 315 490 literarum
350 448 458 489 dem.
509 449 601 501 Age
636 450 671 489 si
702 449 833 500 lubet,
881 448 935 489 ad
968 449 1176 490 calculum
1222 464 1310 491 rem
1357 464 1583 500 vocemus;

98 519 298 573 profitere
342 532 510 571 nomen,
558 519 723 569 amabo,
771 527 865 561 uter
910 526 1100 561 nostrum
1133 521 1247 573 prior
1276 522 1459 575 scripsit,
1492 529 1587 563 uter

97 590 315 644 posterior.
364 590 429 630 An
462 603 562 632 vero
596 590 697 631 mihi
731 604 776 632 se
810 604 995 643 unquam
1040 591 1212 632 nuntius
1247 592 1411 643 obtulit,
1460 607 1584 646 quem

97 660 152 702 ad
185 667 226 701 te
259 661 547 714 profecturum
581 661 883 712 existimarem,
918 662 985 703 cui
1007 662 1153 703 literas
1187 676 1270 703 non
1294 663 1582 705 crediderim?

96 731 173 772 sed
206 737 250 772 ut
284 731 336 773 de
369 731 503 773 literis
537 732 772 785 ignoscam,
819 746 874 772 an
906 745 1006 774 vero
1041 733 1224 774 caeteris
1269 733 1311 773 in
1345 735 1580 787 stipulatio-

94 802 219 843 nibus
266 808 478 844 conventa
522 802 740 844 servasti?
793 803 902 844 Num
950 810 993 844 tu
1037 803 1108 844 ille
1142 817 1202 855 es,
1249 805 1319 857 qui
1366 806 1583 857 superiore

94 872 247 926 hyeme
281 873 549 915 sanctissime
582 874 785 927 recepisti
817 880 859 915 te
893 873 948 915 ad
980 887 1046 915 me
1080 881 1317 926 venturum,
1352 889 1477 927 quom
1501 889 1581 929 ego

93 943 177 984 iam
209 944 354 985 venire
388 944 443 985 ad
475 950 517 985 te
552 945 810 986 statuissem.
859 944 980 994 Quae
1013 945 1153 987 inanis
1188 946 1432 1000 expectatio
1466 946 1581 995 fecit,

93 1020 138 1054 ut
162 1027 286 1067 quom
311 1016 562 1057 munuscula
580 1015 792 1068 quaedam
810 1029 1047 1070 parassem,
1073 1017 1227 1069 quibus
1248 1017 1404 1058 amoris
1430 1018 1581 1058 summi

94 1098 198 1138 erga
221 1091 261 1126 te
285 1086 366 1127 mei
399 1087 644 1127 memoriam
678 1086 957 1128 immortalem
991 1093 1187 1139 testarer,
1223 1095 1264 1128 et
1297 1094 1385 1128 tum
1418 1089 1460 1129 in
1494 1095 1578 1129 tam

91 1156 264 1209 longam
298 1157 410 1198 diem
444 1157 692 1208 distulerim,
728 1164 770 1198 et
802 1171 915 1199 nunc
947 1158 1103 1199 misera
1137 1172 1189 1199 ex
1211 1159 1464 1200 chartabula
1487 1173 1580 1201 cum

91 1227 264 1280 pulvere
299 1234 340 1268 et
373 1228 519 1269 blattis
552 1229 791 1279 luctentur;
827 1242 936 1281 quae
972 1230 1007 1270 si
1039 1230 1223 1281 veneris,
1257 1229 1301 1271 id
1334 1236 1400 1271 est
1428 1230 1463 1271 si
1487 1244 1580 1285 pro-

91 1298 219 1339 misso
244 1298 428 1348 steteris,
464 1299 588 1339 situm
613 1299 805 1352 protinus
830 1300 1047 1341 excutient
1074 1314 1125 1341 ac
1145 1301 1438 1342 iuvenescent.
1473 1301 1579 1343 Vide

91 1376 293 1421 quantum
327 1369 565 1423 discupiam
610 1376 651 1410 te
685 1370 845 1421 videre,
891 1377 932 1412 te
966 1372 1181 1425 amplecti,
1224 1378 1265 1413 te
1299 1372 1475 1425 perfrui,
1524 1373 1579 1413 mi

90 1439 340 1481 svavissime
376 1440 647 1490 Sebastiane,
682 1447 727 1482 ut
760 1455 885 1494 quom
912 1448 953 1483 te
984 1442 1151 1484 videam
1187 1444 1314 1496 paulo
1349 1443 1578 1484 tardiorem

91 1524 217 1563 quam
240 1511 369 1552 velim
392 1511 447 1552 ad
470 1512 684 1565 promissa
707 1512 920 1570 obeunda,
956 1513 1152 1554 studeam
1175 1514 1396 1568 proposita
1419 1528 1578 1556 merce-

89 1581 189 1623 dula
234 1582 420 1633 allicere,
468 1596 592 1635 quam
641 1583 677 1624 si
722 1591 980 1637 aspernatus
1026 1598 1109 1625 non
1154 1584 1301 1635 fueris,
1343 1592 1383 1626 te
1423 1585 1476 1626 de
1510 1599 1576 1627 me

90 1665 215 1705 quam
249 1653 406 1706 optime
440 1655 636 1695 meritum
670 1655 844 1708 putabo.
891 1655 1008 1696 Vale.
1053 1656 1194 1709 Agria.

282 1785 318 1825 p.
353 1770 419 1814 96.
472 1770 642 1814 Caelius
680 1772 768 1814 Cal.
800 1772 1003 1826 Philippo
1037 1773 1306 1828 Albareyalio
1341 1775 1383 1816 S.

204 1867 296 1907 Etsi
341 1867 503 1908 rariora
549 1868 631 1908 sint
676 1868 787 1909 inter
818 1882 896 1909 nos
929 1869 1148 1910 literarum
1181 1871 1406 1921 comercia,
1447 1885 1575 1924 quam

85 1943 254 1978 mutuus
287 1951 404 1979 amor
438 1938 610 1991 exigere
637 1939 846 1986 videatur,
871 1953 1085 1992 nunquam
1109 1948 1253 1982 tamen
1287 1941 1436 1983 desino
1461 1955 1575 1983 amo-

86 2008 144 2050 ris
178 2008 319 2050 officio
354 2009 545 2063 defungi,
591 2010 704 2052 idest
736 2017 777 2051 te
812 2024 969 2058 amare,
1014 2012 1075 2052 tui
1107 2012 1367 2065 meminisse,
1414 2020 1456 2054 te
1490 2026 1574 2054 non

85 2080 221 2120 solum
268 2080 421 2133 animo,
469 2081 546 2122 sed
593 2082 727 2123 oculis
762 2083 888 2123 etiam
922 2082 1047 2124 ferre.
1095 2083 1150 2124 Ut
1182 2089 1351 2125 mutuas
1398 2085 1498 2125 mihi
1531 2085 1573 2125 in

84 2150 165 2192 hoc
210 2150 348 2192 stadio
395 2165 550 2206 operas
594 2166 779 2206 reponas
814 2159 855 2194 et
888 2159 1002 2207 peto,
1046 2159 1088 2194 et
1122 2154 1327 2206 obtestor,
1374 2155 1572 2209 Philippe

85 2222 269 2262 omnium
302 2222 620 2265 humanissime.
661 2224 821 2277 Accepi
854 2230 895 2264 te
929 2230 1076 2278 optare
1112 2226 1352 2267 venaticum
1387 2226 1573 2267 catulum

83 2306 137 2333 ex
160 2293 336 2333 seminio
371 2295 522 2335 summi
556 2300 597 2335 et
624 2295 875 2349 amplissimi
908 2296 1111 2349 principis
1135 2296 1230 2347 mei,
1262 2296 1374 2338 dabo
1399 2310 1572 2351 operam

82 2369 128 2403 ut
161 2363 462 2405 electissimum
497 2365 675 2407 habeas.
711 2365 835 2415 Quod
869 2367 904 2406 si
938 2366 1039 2418 quid
1073 2372 1138 2407 est
1171 2373 1397 2420 praeterea
1424 2368 1466 2408 in
1492 2381 1572 2420 quo

82 2433 158 2475 tibi
190 2435 350 2487 possim
396 2436 690 2488 accomodare,
736 2450 803 2477 me
837 2437 896 2477 tui
942 2450 1113 2491 semper
1160 2438 1482 2491 cupidissimum
1523 2452 1573 2480 ac

83 2505 446 2547 studiosissimum
481 2508 713 2560 experiere.
760 2508 879 2549 Bene
913 2509 1021 2550 vale.
1069 2509 1213 2562 Agria.

345 2638 384 2677 p.
419 2623 488 2667 96.
529 2624 697 2666 Caelius
736 2625 821 2666 Cal.
853 2625 1008 2667 ›Jaeobo
1042 2626 1230 2681 Zieylero
1267 2626 1306 2667 S.

199 2718 349 2759 Attulit
382 2719 483 2759 mihi
516 2719 738 2773 plurimum
771 2720 962 2761 laetitiae
996 2727 1069 2761 tua
1093 2721 1288 2775 epistola,
1324 2735 1408 2773 qua
1442 2721 1571 2774 signi-

81 2788 220 2829 ficasti
252 2796 294 2830 te
328 2790 492 2831 salvum
527 2790 693 2831 Budam
727 2791 991 2845 pervenisse,
1039 2798 1080 2832 et
1113 2805 1181 2832 res
1216 2791 1475 2832 domesticas
1521 2805 1571 2833 ac

81 2859 317 2901 ministrum
361 2866 478 2901 tuum
511 2862 641 2902 multo
674 2862 837 2903 meliori
871 2862 1115 2903 conditione
1149 2862 1396 2913 offendisse,
1444 2876 1569 2915 quam

81 2930 240 2972 absens
286 2931 545 2983 reliquisses.
595 2932 714 2982 Quae
762 2933 904 2974 omnia
943 2933 1019 2974 tibi
1058 2935 1262 2986 gratulor,
1309 2940 1495 2987 optoque
1528 2934 1569 2974 111
