1919 3273
221 257 341 306 Quae
374 270 449 311 pro
484 263 663 311 patrono
695 256 778 298 fert
813 263 911 298 vota
944 257 1184 310 clientulus,
1219 258 1331 310 audi,

279 327 323 369 Si
355 334 477 381 grato
509 327 615 369 libat
649 327 790 378 corde,
824 328 946 369 litare
980 328 1082 370 sine.

218 399 286 438 Da
318 398 463 452 Pylios
496 398 627 439 faelix
659 398 774 440 vivat
806 399 1020 440 Zalcanus
1053 399 1096 440 in
1128 413 1278 450 annos,

276 469 345 509 Da
377 469 488 510 bene
521 469 667 510 Pisoni
700 468 814 521 quod
846 469 950 511 facit
983 469 1154 512 efficiat.

662 586 733 627 Ad
765 587 955 628 eundem.

216 682 300 723 Par
333 688 423 723 erat
454 688 500 722 ut
532 682 689 723 nostris
723 682 894 724 biberes
927 683 1009 724 hac
1041 684 1136 724 luce
1171 683 1340 725 6111111113

274 753 327 793 Et
359 753 547 793 facerem
581 753 709 806 genio
744 752 891 794 debita
924 767 1047 795 sacra
1079 767 1187 796 11160.

217 823 304 865 Sed
337 823 466 865 celeri
498 823 660 865 fractus
693 824 848 865 misere
882 824 1092 866 decumbo
1125 825 1298 877 veredo⁷

275 895 414 947 Atque
446 895 574 935 imam
608 909 739 937 saevo
774 896 947 936 saucius
979 895 1114 937 imbre
1149 902 1299 937 61116111.

216 965 303 1007 Sub
335 965 476 1007 medio
510 967 657 1007 mirum
692 980 798 1008 63116
821 980 890 1008 163
914 967 1015 1007 1111111
1046 973 1170 1020 grata
1204 967 1411 1019 caminus,

275 1036 591 1089 Ardentemque
623 1037 741 1078 iuvat
774 1044 873 1079 31116
908 1037 1061 1079 sedere
1094 1037 1247 1079 focum.

214 1107 340 1148 Nulla
371 1107 474 1148 mihi
506 1107 690 1160 requies,
725 1114 768 1149 et
801 1110 937 1149 somni
969 1108 1086 1149 nulla
1119 1108 1288 1162 cupido,

272 1177 400 1219 Nulla
434 1177 530 1229 cibi,
565 1179 736 1231 gravior
769 1179 846 1220 sed
880 1180 1023 1232 coquit
1056 1193 1129 1221 ora
1163 1180 1265 1221 sitis.

212 1250 321 1291 Vina
353 1262 503 1303 precor
536 1250 679 1290 mittas
712 1250 872 1292 11131613
906 1251 1098 1292 316611113
1131 1265 1269 1301 611133,

273 1321 518 1374 Simplicius
552 1321 703 1373 dicam,
740 1321 918 1363 Sirmica
951 1323 1069 1363 mitte
1102 1322 1215 1364 mihi.

642 1438 699 1480 [η
730 1439 966 1492 Lappsum.

345 1533 457 1574 Dum
491 1533 691 1587 Lappsus
724 1534 894 1575 Bromio
928 1534 1161 1575 meraciore

347 1604 646 1646 Saturnalibus
679 1605 809 1645 utitur
841 1605 1047 1656 calendis,

347 1675 452 1716 Cum
486 1676 598 1718 servi
632 1676 814 1724 dominis
848 1690 974 1730 pares
1007 1676 1233 1728 habentur⁷

345 1746 440 1788 Non
472 1748 583 1788 votis
617 1754 757 1799 vocat,
793 1754 865 1788 aut
899 1747 1003 1788 deos
1036 1747 1202 1800 fatigat,

347 1818 402 1859 Ut
436 1818 507 1871 qui
542 1818 812 1871 Strymoniae
845 1818 962 1871 gruis
995 1817 1172 1871 petebat

346 1888 500 1930 Graius
535 1890 645 1931 colla
677 1890 954 1939 Philoxenus,
990 1889 1068 1930 sed
1099 1889 1210 1930 inter

346 1959 567 2014 Singultus
599 1961 927 2013 lachrymasque
961 1960 1199 2002 concitatas

346 2030 516 2072 Siccato
550 2032 796 2086 oenophoro
829 2045 981 2085 rogare
1015 2031 1156 2085 coepit

344 2103 409 2143 De
443 2103 540 2144 vino
573 2103 633 2143 ire
667 2103 854 2156 Tybrim,
890 2115 1097 2154 suumque
1131 2107 1277 2155 guttur

345 2174 461 2215 Verti
493 2187 589 2215 mox
624 2181 668 2215 ut
700 2175 742 2215 in
777 2174 945 2215 alveum
978 2173 1186 2214 iuberent.

658 2290 726 2332 'In
759 2290 938 2333 Limam.

208 2387 395 2429 Perseus
427 2387 623 2429 insanum
658 2387 694 2428 si
726 2393 782 2438 te,
816 2387 937 2437 Line,
970 2386 1074 2427 fecit
1108 2386 1309 2435 eburnus7

268 2459 315 2499 In
348 2459 445 2500 viva
477 2458 599 2500 fieret
632 2457 733 2510 quid
766 2471 916 2511 precor
948 2457 1246 2498 Andromade!
1282 2455 1328 2510 (1)

655 2576 726 2616 Ad
757 2576 949 2628 Leptam.

402 2672 614 2712 Hesterno
648 2670 916 2711 domicaenio
949 2669 1113 2720 relicto,

402 2743 544 2796 Digne
578 2742 647 2783 vel
680 2742 916 2783 Saliaribus
951 2740 1117 2791 culinis,

405 2814 514 2854 Dum
549 2813 773 2866 frugaliter
805 2819 847 2853 et
879 2812 963 2853 levi
995 2817 1147 2865 paratu

404 2884 601 2925 Grandes
635 2883 713 2924 sub
736 2896 842 2925 cane
877 2882 986 2924 Sirio
1019 2894 1201 2935 perosus

1479 114 1555 149 409
