1919 3273
264 135 334 169 494

435 348 580 392 Blasii
611 349 762 390 Zaean
796 347 996 403 iss'enqedz'm'
1027 345 1256 389 Pannonii
1293 343 1597 388 Oetostichon.1

416 469 498 519 Qui
529 469 641 523 putri
673 469 801 523 paulo
835 474 935 509 ante
969 468 1051 508 situ
1085 466 1342 520 squallebat,
1377 478 1512 520 opaco

480 540 676 591 Carcere,
710 553 790 581 nec
823 545 991 593 poterat
1023 539 1118 579 11166
1151 538 1314 579 nitente
1347 537 1443 586 frui,

416 612 504 653 Iam
538 611 711 652 tandem
746 610 865 651 coelo
898 609 1122 663 pulchrum
1156 614 1285 662 caput
1318 608 1466 649 extulit
1498 608 1599 658 alto7

476 683 605 724 Ianus
639 687 682 722 et
715 681 859 723 exosis
893 681 1020 722 desiit
1054 693 1151 721 esse
1183 680 1301 721 locis.

416 754 565 796 Invida
599 760 804 806 quantum
837 752 963 794 huius
996 752 1137 793 famae
1172 751 1418 792 detraxerat
1451 756 1586 801 aetas,

475 826 670 866 Foenore
705 838 817 865 nunc
849 830 1011 864 tantum
1046 822 1232 863 reddidit
1264 823 1378 863 alma
1412 821 1518 872 (1163,

415 897 635 950 Famaque
669 895 851 946 durabit,
885 893 1088 935 Phoebus
1122 893 1219 934 dum
1253 892 1455 947 lampade
1488 898 1625 934 terras

475 967 658 1018 Ambiet‚
694 973 734 1008 et
768 979 891 1007 curru
924 966 1047 1006 Luna
1080 965 1211 1006 citata
1245 977 1335 1006 suo.

388 1203 615 1246 francisci
646 1203 783 1245 Fabri
814 1200 1051 1258 Meyc'ensis
1085 1201 1402 1255 Trcmssylvamj
1435 1216 1616 1243 carmen.
1632 1200 1646 1222 '²

418 1325 694 1366 Pannonicae
727 1324 856 1365 Ianus
890 1323 1023 1365 decus
1058 1329 1099 1363 et
1132 1335 1246 1364 nova
1278 1322 1416 1376 gloria
1448 1321 1605 1375 gentis,

476 1396 715 1438 Flebilibus
749 1395 903 1437 cecinit
936 1394 1125 1436 carmina
1159 1394 1287 1435 docta
1320 1393 1449 1435 sonis.

420 1468 621 1509 Oarorum
654 1481 795 1518 633113,
830 1466 995 1520 patriae
1028 1479 1097 1507 res
1132 1478 1254 1507 orsus
1288 1466 1441 1514 avitas,

477 1539 702 1593 Expressit
734 1538 900 1590 laudes,
935 1537 1061 1579 docte
1096 1537 1298 1588 Guarine,
1332 1542 1441 1577 tuas.

418 1612 566 1663 Teque
598 1609 770 1661 Iacobe,
806 1609 956 1650 domus
988 1608 1220 1649 Marcellae
1243 1608 1404 1649 invicta
1426 1619 1635 1661 propago,

479 1683 687 1724 Emuncto
720 1681 763 1721 in
797 1681 961 1722 coelum
996 1680 1184 1721 carmine
1220 1679 1274 1720 ad
1307 1691 1445 1731 usque
1479 1679 1588 1719 tulit.

421 1755 714 1806 Romuleoque
746 1752 862 1805 loqui
896 1751 1105 1804 quosdam
1140 1763 1336 1792 sermone
1370 1749 1595 1803 Pelasgos,

480 1825 662 1866 Edocuit
695 1824 817 1876 liquit
849 1823 981 1865 verba
1015 1823 1156 1863 soluta
1189 1822 1324 1863 simul.

421 1898 474 1938 Et
506 1896 683 1937 rudibus
719 1895 859 1949 Sylvis
894 1894 1216 1948 Epigrammata
1248 1893 1398 1944 iunxit⁷
1432 1891 1588 1933 amoris

480 1968 603 2009 Miles
638 1973 680 2009 et
713 1966 880 2008 ardenti
912 1972 1086 2020 pectore
1122 1965 1248 2018 signa
1280 1964 1387 2005 tulit.

424 2040 544 2081 Mens
579 2046 670 2080 erat
702 2039 801 2080 huic
824 2037 970 2091 magni
991 2050 1221 2078 numerosa
1240 2035 1457 2078 volumina
1478 2034 1651 2076 Homeri

482 2111 673 2161 Vertere,
708 2109 786 2151 sed
818 2109 930 2163 rupit
963 2109 1146 2149 stamina
1177 2108 1296 2162 pulla
1328 2106 1422 2148 dea.

423 2182 640 2224 Praecidit
671 2182 767 2223 Dea
798 2194 936 2235 pensa
967 2180 1102 2231 ferox,
1137 2186 1181 2221 at
1212 2179 1329 2220 fama
1361 2177 1552 2219 manebit

484 2255 648 2307 Perpes
682 2252 780 2294 dum
813 2251 972 2293 refluus
1005 2251 1198 2304 Tethyos
1232 2250 1383 2291 humor
1416 2250 1507 2300 erit,

426 2325 624 2378 Et'vaga
656 2336 884 2378 permenso
917 2322 1141 2363 renovabit
1176 2321 1359 2375 Cynthia
1392 2321 1527 2371 60610,

486 2397 659 2447 Cursus,
692 2407 982 2449 praemagnus
1017 2393 1159 2435 sidera
1191 2394 1334 2435 volvet
1366 2392 1500 2432 Atlas.

402 2667 410 2686 ¹
438 2667 545 2701 Ianus
563 2666 772 2700 Pannonius
792 2664 1024 2699 Marcellusra
1048 2665 1093 2698 irt
1118 2662 1391 2708 Panegyricusa
1410 2661 1580 2701 1522-iki,
1600 2659 1772 2704 bolognai

281 2726 510 2761 kiadasanak
535 2724 694 2770 vegerol.

400 2798 412 2816 2
438 2798 547 2832 Ianus
573 2797 782 2831 Pannonius
801 2796 899 2831 tizen
922 2796 1121 2841 etelegiaja
1149 2794 1317 2836 1522-iki‚
1344 2792 1519 2837 bolognai
1545 2790 1773 2825 kiadasanak

283 2857 441 2903 vegerol.
