1919 3273
1510 124 1578 158 481

87 275 298 322 Epistola
324 275 467 312 missa
495 276 595 312 dno.
615 286 782 322 magro.
802 275 1047 311 Francisco
1071 275 1126 311 de
1147 275 1366 312 Tridento
1385 276 1576 323 physico

88 341 190 377 dno.
218 341 274 377 M.
295 341 338 387 [‘?]
366 341 439 377 dei
466 342 617 387 gratia
642 339 785 387 Regis
805 340 1012 386 Ungarie
1035 351 1118 386 per
1141 350 1361 387 magi-um.
1389 341 1578 387 Stepha-

302 406 466 442 ninum
492 405 546 441 de
573 405 720 451 Vegla
748 404 1057 441 archidiacon.
1088 405 1335 442 Camarcie.
1352 407 1362 426 ¹

209 504 327 545 Bone
373 510 509 557 pater,
556 503 719 557 pridem
764 504 884 545 vobis
920 504 1015 545 misi
1061 505 1315 546 solaciosam
1354 505 1575 558 epistolam

90 575 192 628 quia
235 575 531 615 intellexeram
581 575 666 615 Vos
712 575 1016 616 convalescere
1058 575 1169 616 dono
1216 575 1312 626 dei3
1360 581 1502 616 tamen
1536 581 1578 616 et

90 646 236 698 aliqua
268 659 370 686 vera
402 645 643 685 ridiculosis
676 646 897 697 immiscui,
946 652 991 686 ut
1026 646 1124 686 dum
1158 646 1212 686 ad
1245 645 1468 687 ridendum
1502 659 1578 688 vos

89 729 276 770 provoco
311 716 363 756 de
397 729 481 757 non
527 716 773 757 deridendis
806 717 964 758 faciam
998 717 1214 758 reminisci
1254 723 1296 757 et
1328 723 1373 757 ut
1405 717 1578 758 totalius

91 787 328 840 explicetur
365 786 562 827 intencio.
614 787 705 828 Hoc
743 788 1045 839 memorabam,
1087 787 1358 840 sugerebam,
1393 787 1577 839 ortabar,

90 864 136 898 ut
168 858 345 910 Regiam
381 858 667 909 sequeremini
706 858 987 899 Maiestatem.
1039 858 1189 899 Certus
1223 872 1315 899 sum
1349 859 1462 911 quod
1493 872 1577 899 non

90 928 244 970 dicetis
278 928 400 980 quasi
435 928 736 969 subsanando:
778 929 890 970 Ecce
927 929 1027 981 quid
1060 929 1293 983 persuadet
1327 930 1408 970 iste
1442 935 1487 970 ut
1518 929 1578 969 in-

90 999 235 1040 firmus
256 999 460 1049 laborem,
495 1007 539 1039 ut
561 999 773 1053 impotens
808 1014 964 1050 curam,
990 1000 1250 1054 pretendens
1269 1000 1461 1041 utilitatis
1484 1013 1577 1041 mee

90 1070 287 1124 preludia
317 1076 358 1111 et
378 1070 564 1111 honores
587 1084 681 1111 cum
710 1070 791 1111 hoc
825 1085 903 1112 sua
938 1072 1089 1112 ductus
1110 1072 1371 1112 necessitate
1395 1077 1575 1124 peroret.

90 1141 199 1182 Huic
224 1141 436 1183 invective
461 1141 715 1195 respondeo,
738 1147 780 1182 et
810 1142 947 1195 ipsam
970 1142 1006 1182 si
1026 1142 1182 1182 dabitis
1203 1141 1348 1182 afirmo
1373 1141 1472 1193 quia
1494 1154 1578 1182 non

91 1218 255 1253 tantum
276 1212 397 1253 vobis
425 1219 626 1265 (plantum
660 1213 754 1253 aliis
779 1213 848 1265 qui
881 1212 1004 1254 nobis
1043 1212 1238 1266 indigent
1267 1213 1433 1254 venitur
1460 1218 1578 1253 tene-

91 1297 191 1324 num
223 1280 290 1337 [⁶9]
340 1283 466 1324 Scitis
507 1283 617 1323 enim
663 1285 832 1336 quantis
878 1283 1077 1324 fluctibus
1118 1290 1277 1336 quanta
1320 1289 1577 1337 tempestate

91 1354 317 1396 volvuntur
348 1354 543 1395 navicule
571 1368 805 1408 pauperum
834 1355 877 1395 in
906 1355 1010 1395 mari
1033 1368 1132 1395 cure
1162 1355 1432 1409 principalis3
1467 1355 1580 1395 nosti

91 1425 303 1478 malignos
339 1425 492 1466 aflatus
519 1425 747 1478 naufragia
773 1432 1079 1479 preparantes;
1114 1426 1267 1466 videtis
1301 1426 1426 1467 valde
1460 1439 1578 1467 raros

91 1509 169 1550 per
200 1496 324 1537 litora
353 1496 424 1548 qui
448 1502 680 1537 sucurrant.
717 1496 828 1545 Quid
860 1497 988 1549 igitur
1015 1496 1129 1538 vivet
1152 1497 1277 1537 homo
1313 1496 1393 1538 sibi
1426 1497 1505 1537 soli
1538 1501 1580 1537 et

91 1567 283 1608 mulltum
308 1564 358 1621 [⁶9]
386 1566 589 1621 perficiet.
626 1567 715 1608 Hec
735 1567 838 1607 facit
863 1567 988 1608 arbor
1011 1573 1053 1608 et
1072 1568 1221 1620 planta
1245 1568 1363 1609 cuius
1386 1567 1473 1608 vita
1494 1580 1579 1608 non

92 1638 189 1692 plus
221 1638 309 1679 vita
342 1638 525 1679 (licenda
559 1644 638 1689 est,
676 1638 758 1678 nisi
791 1639 889 1690 quia
924 1643 1013 1689 est3
1060 1651 1144 1679 non
1180 1638 1241 1679 sic
1274 1639 1417 1679 vivere
1453 1637 1580 1679 decet

92 1709 307 1751 hominem
324 1717 368 1751 ut
393 1711 458 1761 sit,
483 1710 559 1751 sed
584 1711 726 1751 vivere
746 1716 790 1750 ut
808 1710 940 1763 prosit
958 1722 1042 1750 non
1061 1710 1196 1750 solum
1215 1709 1295 1750 sibi
1311 1709 1388 1751 sed
1410 1709 1577 1760 ceteris,

93 1780 202 1822 sicut
226 1781 278 1822 (le
302 1781 488 1822 Abraani
512 1781 721 1831 scribitur,
744 1787 867 1834 pater
899 1781 1123 1821 multorum
1151 1794 1234 1821 non
1257 1780 1466 1833 genitura,
1502 1780 1579 1821 sed

92 1851 301 1905 profectu,
327 1852 412 1893 dixi
446 1866 576 1906 super
607 1858 808 1893 tenenum
842 1864 926 1892 non
960 1851 1054 1892 dico
1085 1851 1227 1892 debito
1251 1851 1333 1892 nisi
1364 1857 1514 1892 nature
1538 1858 1580 1892 et

94 1922 284 1964 caritatis
319 1937 441 1976 quam
466 1923 526 1964 ita
558 1922 768 1963 habuistis
801 1923 843 1962 in
878 1922 999 1963 vobis
1032 1927 1210 1975 paterno
1245 1923 1336 1970 celo
1372 1921 1578 1962 defusam.

93 2101 368 2138 Reverentia
401 2103 575 2139 virtute
603 2104 648 2138 et
681 2102 912 2148 dignitate
947 2101 1046 2137 viro
1077 2102 1127 2137 D.
1160 2101 1355 2138 Alberto
1384 2112 1411 2137 a
1435 2101 1582 2147 Pei-eg

94 2166 308 2215 Quinque
317 2167 635 2204 Ecclesiarum
643 2167 927 2214 Praeposito,
941 2167 1112 2213 Inclyti
1122 2167 1433 2203 Romanorum
1440 2166 1580 2213 Regis

96 2234 180 2268 etc.
202 2232 252 2268 in
276 2233 519 2281 Hungaria
539 2233 800 2269 consiliario
822 2234 867 2268 et
896 2232 1127 2279 quaestori
1148 2242 1321 2268 summo
1348 2231 1580 2279 Hierony-

94 2308 194 2333 mus
232 2298 428 2335 Vietor
464 2299 795 2345 Typographus
837 2297 1154 2333 Cracoviensis
1194 2297 1402 2334 Salutem
1434 2297 1580 2332 dicit.‘-'

211 2429 220 2438 .
251 2431 259 2438 .
292 2431 299 2438 .
331 2397 563 2446 Quaerenti
596 2402 736 2437 autem
773 2396 874 2437 mihi
909 2396 975 2437 cui
1008 2395 1272 2449 potissimum
1305 2395 1372 2436 hic
1410 2395 1579 2437 libellus

95 2481 120 2508 a
153 2481 218 2508 me
252 2468 494 2519 donaretur,
534 2474 578 2509 tu
612 2468 713 2508 mihi
747 2468 908 2520 primus
942 2467 1153 2517 occuristi,
1188 2480 1313 2519 quem
1346 2473 1388 2507 et
1421 2479 1578 2509 eorum.

214 2608 224 2628 1
252 2609 280 2642 E
307 2610 450 2649 levelet,
478 2609 648 2652 melyben
676 2608 821 2642 'l'riente
848 2608 1007 2641 rerem-z
1035 2609 1193 2645 mestert,
1226 2606 1366 2649 Matyas
1395 2606 1434 2650 [Ρ]
1465 2606 1580 2650 kiraily

95 2668 253 2710 orvosat‚
279 2667 446 2710 felkerik,
474 2668 663 2711 maradjon
689 2665 983 2711 betegeskedese
1017 2666 1171 2699 daczara
1197 2665 1333 2698 tovabb
1361 2665 1390 2698 is
1419 2676 1438 2699 a
1464 2666 1580 2708 kiraly

96 2727 384 2771 szolgalataban,
424 2728 570 2761 szz'lmos
610 2726 769 2760 hibaival
808 2728 937 2770 egyiitt
977 2736 997 2758 a
1035 2725 1114 2758 cod.
1154 2724 1291 2758 Monac.
1330 2725 1391 2758 lat.
1430 2725 1578 2758 459-b61

96 2787 205 2829 (saec.
231 2787 307 2820 XV.
336 2787 445 2821 chart.
473 2786 535 2821 fol.
564 2786 656 2826 ⁴268„
683 2786 774 2821 269.)
803 2785 958 2819 ko'zl'om.

215 2845 226 2864 ²
258 2846 486 2885 ,Pannoniae
507 2846 654 2886 Luctus⁷
682 2855 753 2887 quo
773 2844 978 2887 Principum
998 2843 1137 2886 aliquot
1157 2846 1192 2877 et
1211 2843 1405 2887 insignium
1426 2843 1580 2877 virorum

96 2908 231 2939 mortes
259 2905 391 2948 aliique
430 2904 567 2938 funesti
594 2914 702 2938 casus
730 2903 974 2947 deplorantur.
1015 2902 1212 2936 (lracoviae
1239 2902 1345 2936 Anno
1372 2901 1570 2935 MDXLIIII

167 2985 198 3012 E.
220 2978 316 3012 Anni:
339 2987 499 3012 ANALECTA
519 2994 604 3012 Nova.
1395 2973 1437 3006 31
