1898 3278
1526 196 1570 229 35

90 341 303 384 foeliciter
333 341 377 382 in
411 341 578 382 Christo
609 341 715 382 Jesu
747 339 830 381 mei
863 337 923 393 (ut
947 339 1030 380 scis
1054 338 1231 391 memor)
1266 346 1310 380 tu
1344 352 1426 392 que
1450 339 1485 380 si
1505 353 1572 380 me

92 424 212 453 amas
243 410 430 453 rescribe
463 410 714 451 familiarius
738 416 780 450 et
800 409 1217 462 grandiloquentiam
1240 416 1355 451 tuam
1380 423 1484 463 erga
1506 423 1572 451 me

91 481 408 536 posthabueris‚
442 480 593 521 denuo.
626 480 745 520 Vale.
786 480 943 521 Datum
980 479 1250 521 Sembniciae
1284 480 1455 523 XVIIII.
1489 480 1575 522 Mai

92 552 214 594 Anno
247 551 427 592 Domini.
459 550 681 591 MDXXII.

518 643 618 677 Tuus
645 646 684 676 ut
708 643 820 677 frater
844 642 1151 676 Bartholomaeus

514 701 800 736 Frankfordinus
826 701 1054 735 Pannonius.

212 788 294 829 Tot
310 787 353 828 in
370 787 523 828 litteris
540 787 647 828 meis
671 787 885 828 obeliscos
910 800 963 828 ne
987 787 1275 838 abhorrueris,
1299 801 1393 828 cum
1416 788 1578 829 volanti

95 864 137 900 et
169 858 310 900 animo
343 864 385 898 et
418 858 583 899 calamo
617 858 727 900 haec
761 858 1017 912 scripserim.

215 928 370 970 Kosa-al:
389 929 595 970 Prudenti
613 943 665 971 ac
682 929 874 982 Ingenuo
895 928 1080 982 Georgio
1098 929 1148 970 N.
1168 929 1344 971 Notario
1363 929 1579 971 Urembni-

96 1000 230 1042 ciensi
257 1000 507 1053 dignissimo
537 1013 614 1041 suo
639 1000 897 1041 amicissimo
925 1000 1062 1041 amico

1157 1058 1435 1101 Crembnicie.

309 1245 606 1281 Bartholinus
645 1245 849 1281 Richard.
889 1245 1362 1293 Odeporicon-jab61.1

216 1341 426 1396 (quatern.
463 1343 506 1384 (J.
544 1342 656 1393 Ila).
703 1343 1065 1397 Archiepiscopus
1105 1343 1354 1385 Colocensis
1388 1345 1581 1385 oratione

100 1414 204 1455 satis
238 1413 406 1455 erudita
438 1419 480 1455 et
512 1414 633 1466 gravi
666 1428 718 1455 ex
751 1427 860 1467 equo
895 1413 1160 1456 Gurcensem
1194 1415 1373 1469 excepit..

216 1482 345 1538 (quat.
381 1484 514 1526 0111.
548 1485 620 1526 fol.
646 1484 729 1537 aa).
763 1486 817 1526 At
850 1486 885 1526 si
909 1485 962 1527 de
985 1486 1082 1526 aliis
1116 1498 1285 1538 quoque
1307 1485 1583 1527 iudicandum

99 1562 178 1608 est,
202 1555 424 1597 Sarmatae
447 1561 489 1596 et
510 1555 663 1597 litteris
695 1562 737 1596 et
758 1556 946 1597 moribus
968 1557 1191 1598 cultissimi
1213 1564 1320 1597 sunt.
1354 1558 1584 1598 Pannones

99 1627 228 1667 multo
261 1627 515 1680 asperiores.
559 1626 739 1668 Bohemi
770 1627 866 1668 illos
898 1641 1068 1681 magno,
1115 1627 1192 1669 sed
1231 1628 1419 1681 proximo
1458 1628 1585 1669 inter-

99 1697 211 1739 vallo
244 1698 519 1749 antecellunt,
554 1711 732 1750 cumque
765 1698 816 1739 iis
855 1705 898 1739 ut
931 1699 1080 1752 lingua
1110 1700 1170 1740 ita
1203 1705 1245 1739 et
1277 1699 1463 1740 moribus
1496 1699 1585 1740 nul—

98 1769 182 1809 lam
216 1767 534 1809 similitudinem
566 1768 739 1811 habent.

217 1836 328 1892 (Joh.
362 1839 557 1881 Dantisci
595 1839 774 1893 „Sylva“
814 1842 947 1881 czimii
980 1838 1366 1894 koltemenyebc'il):

278 1970 420 2017 Attigit
449 1969 538 2007 hinc
570 1970 678 2015 fines,
714 1970 778 2007 ubi
810 1970 966 2018 praesul
999 1970 1153 2008 Thurso
1185 1972 1343 2008 Moravo

279 2040 481 2078 Praesidet
513 2042 686 2086 eximius,
722 2042 787 2089 qui
818 2042 1005 2089 religione
1039 2042 1231 2079 secundus

280 2112 348 2148 Est
381 2111 472 2148 nulli
507 2112 662 2159 pietate,
698 2124 768 2148 nec
802 2115 860 2149 est
891 2113 930 2149 in
961 2112 1077 2149 rebus
1112 2112 1272 2160 agendis
1299 2143 1305 2150 .
1332 2143 1338 2150 .
1367 2143 1373 2150 .

280 2183 395 2220 Venit
427 2186 464 2220 et
497 2184 657 2220 antistes
691 2195 897 2220 numeroso
930 2183 1050 2220 milite
1084 2185 1244 2229 cinctus,

282 2255 315 2291 A
347 2254 501 2302 templis
533 2266 673 2302 magno
707 2254 914 2292 decoratus
947 2256 1100 2291 nomine
1134 2256 1315 2302 quinque,

282 2325 404 2371 Quem
437 2324 522 2362 tulit
553 2325 602 2362 ad
634 2327 729 2362 tanti
762 2326 1005 2373 praeclarum
1038 2326 1188 2363 culmen
1220 2326 1377 2363 honoris

227 2499 237 2519 ¹
271 2499 503 2543 Odepom'con,
533 2500 568 2533 id
588 2502 645 2534 est
664 2500 887 2534 Itinerariuni
915 2500 1235 2534 Reverendissimo
1262 2500 1298 2533 in
1317 2499 1460 2534 Christo
1479 2501 1593 2543 patris

109 2562 145 2593 et
170 2559 249 2593 Dni.
268 2559 311 2593 D.
330 2558 464 2593 Mathei
484 2558 606 2593 Sancti
625 2558 759 2603 Angeli
781 2558 984 2593 Cardinalis
1004 2558 1212 2600 Gurcensis,
1234 2559 1455 2593 coadiutoris
1477 2558 1592 2593 Saltz-

108 2618 313 2662 burgensis,
354 2617 614 2661 Generalisque
642 2618 781 2661 imperii
808 2618 1100 2659 locumtenentis,
1128 2628 1317 2662 quaequae
1351 2618 1385 2651 in
1412 2621 1593 2652 conventu

109 2676 339 2710 Maximiliani
365 2676 470 2711 Caes.
498 2677 592 2721 Ang.
623 2676 798 2712 Sereniss.
838 2687 908 2721 que
934 2688 1060 2721 regum
1086 2678 1262 2711 Vladislai
1302 2677 1525 2721 Sigismundi
1551 2687 1594 2711 ac

110 2736 285 2770 Ludovici
303 2739 503 2770 memoratu
521 2736 632 2781 digna
653 2739 759 2781 gesta
778 2740 862 2771 sunt
881 2747 946 2780 per
971 2736 1191 2771 Riccarclum
1209 2737 1470 2771 Bartlaolmmn
1488 2747 1592 2780 peru-

112 2795 228 2829 sinum
247 2795 367 2829 aedita
382 2796 427 2837 (l).
449 2795 538 2829 Cum
559 2796 683 2830 Gratia
701 2799 738 2830 et
755 2796 985 2840 Privilegio.“
1014 2794 1143 2840 Vegen
1159 2795 1452 2840 :}„Hieronymus
1470 2796 1596 2829 Vietor

112 2864 205 2897 opus
223 2854 407 2896 impressit
426 2853 600 2895 Viennae,
622 2854 796 2898 impensis
815 2854 969 2888 <Ioannis
988 2854 1190 2888 Vuideman
1209 2854 1468 2899 Augustensis,
1497 2855 1594 2898 quod

112 2912 343 2956 impressioni
368 2912 478 2946 XIIII.
507 2913 633 2947 Kalen.
662 2914 840 2957 septemb.
869 2913 992 2947 datum
1020 2916 1086 2954 est,
1120 2914 1328 2948 absolutum
1358 2923 1444 2947 vero
1470 2913 1594 2948 Idibus

115 2973 309 3015 septembr.
336 2972 444 3007 Anno
470 2972 550 3006 Dni.
577 2972 744 3007 XDXV.“

1408 3045 1451 3074 ἐξ*
