1919 3273
1479 136 1548 169 449

211 282 416 323 Praesule
448 281 508 322 nil
540 294 675 333 usque
708 280 857 321 videas
892 280 1123 321 studiosius
1156 280 1240 321 illo.

212 352 348 394 Nemo
381 353 518 393 minus
552 352 681 402 solus,
716 364 843 403 quam
877 351 1006 403 solus,
1042 351 1198 404 quippe
1233 351 1316 392 diei

212 423 391 464 Noctem
415 436 625 476 operosae
647 421 766 462 addit
789 421 976 473 multam,
1000 422 1165 462 furatur
1187 428 1228 463 et
1250 422 1394 473 horas⁷

214 494 318 544 Quis
341 499 533 535 veterum
556 493 727 544 evolvit,
749 492 879 533 volvit
899 499 1173 533 monumenta
1196 506 1413 534 novorum,

369 681 431 733 (A
465 680 792 723 Stamomachz'a
824 680 960 721 &tffidzssk
991 681 1244 734 ko‘snyvefbdl.)

138 799 155 831 1
212 788 468 830 Franciscus
500 788 689 840 Wardai,
724 796 952 842 praestans
986 789 1239 841 cognomine
1274 789 1387 829 avito

212 859 404 911 Praesul7
438 859 680 912 turrigenas
712 860 889 911 Daciae,
924 859 995 911 qui
1026 866 1234 912 temperat
1265 859 1405 910 urbes,

214 931 430 972 Phoebeis
463 931 635 972 celeber
668 930 832 981 studiis,
869 931 939 983 qui
971 931 1098 971 docta
1131 930 1285 971 Thalia

216 1002 474 1056 Compositio
508 1002 625 1044 dedit
657 1016 728 1043 ore
762 1003 890 1055 loqui,
924 1017 1005 1055 quo
1037 1011 1213 1056 pectora
1244 1003 1408 1055 Regum

215 1074 482 1125 Mollescunt‚
506 1073 645 1115 bonus
664 1081 705 1115 et
722 1075 818 1128 pius
843 1080 1073 1115 extremam
1096 1086 1231 1126 usque
1253 1073 1307 1113 ad
1332 1073 1548 1113 amussim.

214 1145 323 1186 Huic
344 1145 552 1198 Regnum⁷
576 1145 675 1186 huic
697 1145 854 1198 Reges,
880 1145 977 1186 huic
999 1145 1325 1185 Transsilvania
1348 1144 1490 1193 debet,

214 1216 410 1268 Namque
444 1229 519 1257 suo
552 1216 796 1257 innumeros
826 1222 1095 1257 contraxerat
1119 1228 1218 1255 aere
1243 1214 1430 1267 quirites,

214 1287 336 1328 Bella
368 1301 495 1327 manu
528 1287 664 1341 gessit
697 1287 880 1340 propria,
915 1294 1117 1341 punctum
1141 1286 1235 1326 tulit
1267 1298 1406 1336 omne,

217 1357 455 1411 Omniaque
489 1359 667 1400 emeruit
700 1358 897 1412 placidae
930 1359 1137 1412 palmaria
1169 1358 1301 1411 pacis.

362 1547 415 1600 (A
451 1549 824 1587 Stauromachidhoz
855 1550 944 1587 valo'
967 1550 1262 1598 jeyyzetekbb'l.)

209 1687 216 1695 .
242 1686 249 1693 .
277 1686 284 1693 .
313 1656 561 1704 Epitaphium
605 1657 910 1694 vetustissimum
942 1658 980 1693 in
1012 1669 1203 1694 marmore
1248 1648 1479 1706 exculptum,
1515 1662 1554 1696 et

69 1740 92 1765 a
123 1729 365 1777 pientissimo
399 1729 622 1776 optimoque
656 1728 840 1765 Praesule
873 1728 969 1765 Lad.
994 1728 1131 1765 Gereb.
1168 1728 1257 1766 olim
1289 1728 1339 1765 fe.
1364 1742 1437 1766 me.
1462 1730 1553 1777 Epi-

71 1812 190 1848 scopo
214 1799 533 1838 Transilvanensi
555 1799 634 1836 divi
654 1799 855 1836 Michaelis
879 1799 1101 1847 archangeli
1123 1799 1271 1836 foribus
1293 1801 1551 1845 intersertum,

73 1901 80 1908 .
108 1905 114 1911 .
140 1901 147 1908 .
179 1870 360 1917 Quarmiz
391 1870 483 1908 urbs
515 1872 652 1918 ingens
686 1874 724 1907 et
756 1870 949 1917 quondam
990 1871 1175 1907 Decebali
1208 1871 1403 1908 Dacorum
1436 1872 1553 1920 Regis

72 1942 164 1980 sede
197 1943 314 1987 clara,
348 1942 504 1979 tandem
536 1943 621 1990 ipso
655 1941 807 1978 devicto
841 1941 1000 1978 Colonia
1032 1942 1147 1989 Ulpia
1179 1942 1349 1978 Traiana
1377 1945 1554 1990 Augusta

70 2015 195 2051 Dacia
225 2013 321 2059 fuit;
355 2013 469 2051 modo
502 2012 647 2050 Varhel
679 2013 727 2049 ab
751 2013 894 2049 accolis
929 2012 1079 2057 dicitur,
1115 2012 1188 2049 hoc
1210 2016 1268 2049 est
1289 2012 1397 2050 locus
1421 2014 1551 2051 castri.

71 2085 113 2122 Id
145 2086 310 2134 primum
343 2086 506 2122 Ioannes
538 2085 603 2121 ille
635 2084 849 2121 Mezerzius
881 2083 1200 2131 Archidyaconus
1247 2084 1483 2121 Colosiensis
1516 2087 1554 2121 et

72 2156 161 2194 olim
179 2157 396 2194 Canonicus
413 2156 613 2193 Ecclesiae
636 2154 818 2192 Albensis
839 2155 1082 2191 Transilvan.
1106 2155 1165 2191 vir
1188 2166 1281 2191 sane
1304 2154 1412 2191 multi
1434 2156 1553 2192 nomi-

71 2229 143 2273 nis,
178 2227 459 2275 multarumque
491 2227 690 2265 literarum
711 2228 871 2275 peritus,
906 2230 942 2263 et
969 2237 1068 2273 quae
1101 2225 1150 2262 ad
1172 2226 1404 2273 exquisitam
1427 2226 1553 2263 erudi-

71 2300 214 2337 tionem
236 2300 466 2347 praesertim
490 2299 685 2346 antiquam
719 2299 847 2346 (quam
870 2310 945 2334 non
968 2296 1127 2345 perinde
1152 2297 1259 2333 multi
1282 2299 1552 2344 assequuntur)

72 2371 303 2418 pervenerit,
338 2370 428 2407 dum
462 2370 572 2407 annis
605 2369 883 2417 superioribus,
928 2367 1032 2405 velut
1062 2368 1136 2415 ipsi
1170 2370 1254 2404 erat
1285 2368 1426 2405 ardens
1459 2368 1554 2404 anti·

73 2442 261 2489 quitatum
306 2442 468 2486 animus,
514 2441 620 2478 urbis
666 2441 847 2487 antiquae
892 2439 1115 2487 praedictae
1159 2440 1289 2475 ruinas
1334 2439 1550 2483 rimaretur,

74 2512 356 2550 animadvertit.

525 2665 582 2717 (A
616 2665 778 2706 munker
809 2662 1109 2705 edrszavctbdl.)

136 2815 139 2817 .
195 2806 201 2813 .
229 2806 235 2812 .
269 2806 276 2814 .
310 2773 403 2815 Huc
435 2772 619 2827 pertinet
652 2771 765 2825 quod
796 2770 1067 2825 paucissimis
1100 2768 1156 2809 ad
1188 2767 1357 2809 modum
1388 2767 1553 2819 diebus,

77 2843 374 2886 Saturnalibus
406 2844 580 2896 inquam
612 2843 681 2884 vel
714 2843 935 2883 stultorum
968 2840 1100 2890 feriis,
1136 2839 1178 2879 in
1212 2839 1364 2891 quibus
1398 2836 1460 2892 (ut
1491 2837 1554 2892 fit)

75 2915 287 2956 iusticium
325 2914 557 2964 edixeram,
598 2913 773 2954 clamosi
806 2912 885 2953 fori
918 2925 943 2952 a
976 2910 1153 2964 strepitu
1185 2910 1264 2950 hos
1298 2915 1555 2950 commenta-

146 3007 180 3033 E.
200 2998 297 3033 Anu:
318 3007 478 3033 ANALECTA
497 3014 584 3032 ΝονΑ.
1372 2990 1415 3022 29
