1898 3278
1522 161 1588 195 125

286 307 452 360 Quique
486 307 608 349 foves
642 306 791 348 doctos
818 319 1047 347 numerosa
1080 319 1219 347 merce
1254 312 1419 360 poetas,

347 377 476 419 Cuius
509 391 634 432 opem
668 377 797 418 sentit
830 376 953 417 turba
986 377 1152 417 misella
1184 377 1311 430 piam.

290 448 382 498 Quo
415 448 491 489 tibi
523 462 635 489 nunc
668 448 796 488 animi
828 447 1075 488 monstrabo
1100 460 1273 487 munere
1296 447 1428 487 nostri

346 519 510 573 Signa?
532 532 659 573 pares
679 518 854 559 reddam
880 524 922 558 et
944 531 1025 570 qua
1048 518 1125 558 tibi
1148 518 1246 558 dote
1271 518 1439 559 116689.
1457 551 1487 557 ..

226 637 550 679 Eucharisticon
572 636 627 677 ad
649 635 830 677 eundem
849 636 986 677 lusum
1005 635 1047 675 in
1063 635 1289 676 Debrecen
1309 648 1420 676 anno
1437 635 1587 676 eodem

110 711 177 752 die
200 708 345 751 XXIII
383 708 588 750 Januarii.

389 802 482 852 Quo
515 802 591 843 tibi
622 801 803 855 insignis
840 801 1013 842 Gabriel
1046 801 1266 851 cothurno7

390 872 482 922 Quo
515 872 591 913 tibi
624 872 760 913 dulcis
795 872 965 913 domine
1000 877 1042 912 et
1074 877 1267 925 patrone,

390 943 622 985 Concinam
656 942 829 984 tandem
863 942 1037 983 meritas
1071 942 1292 995 feramque

509 1014 673 1055 Carmie
708 1021 853 1067 grates
872 1013 893 1054 ἶ)

388 1085 572 1136 Ν68616;
607 1092 784 1126 cunctas
819 1085 1019 1138 quoniam
1055 1084 1294 1125 Camoenas

388 1157 441 1197 Et
475 1169 619 1198 sacros
652 1157 826 1198 vincunt
858 1163 931 1197 tua
964 1156 1077 1196 dona
1109 1161 1245 1201 vates,

388 1227 435 1268 In
468 1233 585 1267 tuum
618 1227 876 1286 1361110606
911 1240 1020 1279 quae
1054 1226 1207 1267 locasti

506 1298 662 1339 Fronte
698 1299 911 1339 clientem.

390 1368 556 1421 Quique
588 1369 743 1410 festive
779 1369 962 1423 dapibus
996 1369 1206 1409 misellum

388 1440 564 1481 Foveris
597 1440 737 1491 lautis,
772 1440 991 1493 nitidaque
1025 1440 1175 1481 crebro

388 1511 546 1552 Fronte
579 1511 789 1563 tractaris⁷
823 1511 1030 1552 recrearis
1064 1511 1188 1552 ambo
1223 1519 1263 1553 et

508 1582 708 1623 Crebrius
741 1596 826 1624 ore.

390 1653 519 1694 Cuius
553 1659 594 1694 et
626 1655 743 1695 vultu
777 1654 961 1695 celerem
994 1655 1175 1695 molesto

389 1724 531 1778 Saepe
565 1724 804 1766 discessum
837 1725 998 1775 11116118,
1033 1725 1292 1778 brevemque

389 1795 518 1836 Cuius
551 1809 597 1836 es
632 1796 750 1837 nisus
786 1796 991 1837 morulam
1026 1809 1177 1850 parare

507 1866 648 1920 Saepe
682 1880 893 1908 recessus.

387 1936 468 1986 Qui
501 1938 596 1979 Vale
630 1938 762 1979 labris
797 1938 988 1979 tremulis
1021 1939 1155 1979 relato

386 2007 484 2061 Ipse
517 2017 767 2062 pergentem
803 2009 983 2062 geminis
1016 2016 1237 2051 retentans

386 2079 555 2120 Arctius
589 2080 755 2133 palmis,
791 2080 925 2121 oculis
959 2081 1158 2121 clientem

504 2151 699 2203 Liqueris
734 2151 828 2192 udis
853 2186 858 2191 .
886 2186 892 2192 .
918 2184 924 2189 .

222 2268 345 2309 Pauli
390 2268 644 2310 Crosnensis
689 2270 874 2311 Rutheni
919 2270 1069 2311 artium
1114 2270 1351 2312 liberalium
1396 2274 1587 2327 magistri

107 2339 336 2393 Elegiacon
365 2340 419 2381 ad
444 2340 713 2394 Magnificum
738 2348 779 2383 et
801 2355 1058 2395 generosum
1082 2341 1297 2384 dominum
1321 2343 1584 2398 Stephanum

103 2410 441 2463 Bathoriensem‚
466 2412 732 2465 praefectum
754 2413 843 2454 sive
877 2411 938 2466 (ut
961 2413 1088 2466 vulgo
1112 2413 1281 2465 dicitur)
1307 2416 1585 2456 castellanum

106 2480 351 2523 Budensem
385 2488 426 2522 61
457 2483 603 2535 regiae
637 2483 768 2536 prolis
801 2483 996 2525 fetorem.
1032 2484 1191 2525 Lusum
1224 2485 1445 2527 Waradini
1475 2500 1586 2528 anno

106 2565 131 2592 a
163 2552 296 2593 natali
340 2552 550 2594 Cristiano
599 2553 712 2597 1508
754 2554 823 2596 die
857 2554 937 2595 XII
971 2554 1187 2606 Oktobris,
1234 2555 1346 2608 quod
1391 2557 1586 2598 dominus

109 2621 389 2664 Sebastianus
421 2624 633 2678 Maghyus
654 2626 697 2666 in
721 2625 914 2666 eiusdem
938 2632 1171 2679 conspectu
1194 2640 1352 2679 magna
1372 2628 1586 2669 Baronum

107 2700 281 2735 caterva
324 2694 523 2736 adstante
568 2696 812 2737 modulatus
845 2703 922 2737 est.
972 2694 1134 2748 (Batori
1166 2697 1311 2738 Istvan
1347 2706 1585 2751 magaszta-

106 2763 218 2805 lasat
248 2765 549 2817 tartalmazza;
583 2768 723 2819 vegen
741 2765 766 2820 z)

281 2860 344 2901 Te
361 2861 536 2903 meliore
558 2876 707 2904 canam
731 2858 914 2917 posthac
936 2861 1215 2917 (mihicrede)
1240 2865 1467 2915 Camoena,

339 2931 454 2973 Dent
487 2933 612 2975 modo
641 2933 699 2975 dii
725 2934 838 2975 vitae
872 2935 1018 2976 saecla
1051 2935 1242 2976 secunda
1274 2949 1408 2977 meae.
