<?xml version="1.0" encoding="UTF-8"?>
<!DOCTYPE html PUBLIC "-//W3C//DTD XHTML 1.0 Transitional//EN"
    "http://www.w3.org/TR/xhtml1/DTD/xhtml1-transitional.dtd">
<html xmlns="http://www.w3.org/1999/xhtml" xml:lang="en" lang="en">
 <head>
  <title>
</title>
<meta http-equiv="Content-Type" content="text/html;charset=utf-8" />
  <meta name='ocr-system' content='tesseract 3.04.00' />
  <meta name='ocr-capabilities' content='ocr_page ocr_carea ocr_par ocr_line ocrx_word'/>
</head>
<body>
  <div class='ocr_page' id='page_1' title='image "analectanovaadhi00beuoft_0241.png"; bbox 0 0 1955 3278; ppageno 0'>
   <div class='ocr_carea' id='block_1_1' title="bbox 1497 121 1565 155">
    <p class='ocr_par' dir='ltr' id='par_1_1' title="bbox 1497 121 1565 155">
     <span class='ocr_line' id='line_1_1' title="bbox 1497 121 1565 155; baseline -0.015 0"><span class='ocrx_word' id='word_1_1' title='bbox 1497 121 1565 155; x_wconf 80' lang='lat'>215</span> 
     </span>
    </p>
   </div>
   <div class='ocr_carea' id='block_1_2' title="bbox 80 266 1567 817">
    <p class='ocr_par' dir='ltr' id='par_1_2' title="bbox 80 266 1567 817">
     <span class='ocr_line' id='line_1_2' title="bbox 86 266 1567 321; baseline -0.001 -13"><span class='ocrx_word' id='word_1_2' title='bbox 86 268 414 321; x_wconf 87' lang='lat' dir='ltr'>supprimuntur.</span> <span class='ocrx_word' id='word_1_3' title='bbox 440 268 503 308; x_wconf 77' lang='lat' dir='ltr'>Ex</span> <span class='ocrx_word' id='word_1_4' title='bbox 525 267 607 308; x_wconf 86' lang='lat' dir='ltr'>hoc</span> <span class='ocrx_word' id='word_1_5' title='bbox 628 274 785 319; x_wconf 89' lang='lat' dir='ltr'>tamen,</span> <span class='ocrx_word' id='word_1_6' title='bbox 805 268 903 309; x_wconf 81' lang='lat' dir='ltr'>licet</span> <span class='ocrx_word' id='word_1_7' title='bbox 925 281 1057 321; x_wconf 79' lang='lat' dir='ltr'>parvo</span> <span class='ocrx_word' id='word_1_8' title='bbox 1080 268 1239 319; x_wconf 87' lang='lat' dir='ltr'>libello,</span> <span class='ocrx_word' id='word_1_9' title='bbox 1257 266 1567 321; x_wconf 78' lang='lat' dir='ltr'>praestantiam</span> 
     </span>
     <span class='ocr_line' id='line_1_3' title="bbox 85 338 1567 392; baseline -0.001 -13"><span class='ocrx_word' id='word_1_10' title='bbox 85 338 176 379; x_wconf 87' lang='lat' dir='ltr'>eius</span> <span class='ocrx_word' id='word_1_11' title='bbox 197 338 335 379; x_wconf 87' lang='lat' dir='ltr'>metiri</span> <span class='ocrx_word' id='word_1_12' title='bbox 354 345 491 392; x_wconf 82' lang='lat' dir='ltr'>potes,</span> <span class='ocrx_word' id='word_1_13' title='bbox 513 338 787 391; x_wconf 80' lang='lat' dir='ltr'>Pythagorae</span> <span class='ocrx_word' id='word_1_14' title='bbox 821 339 1031 392; x_wconf 77' lang='lat' dir='ltr'>exemplo,</span> <span class='ocrx_word' id='word_1_15' title='bbox 1056 339 1127 391; x_wconf 86' lang='lat' dir='ltr'>qui</span> <span class='ocrx_word' id='word_1_16' title='bbox 1147 352 1199 379; x_wconf 81' lang='lat' dir='ltr'>ex</span> <span class='ocrx_word' id='word_1_17' title='bbox 1222 338 1345 392; x_wconf 87' lang='lat' dir='ltr'>pedis</span> <span class='ocrx_word' id='word_1_18' title='bbox 1366 350 1567 378; x_wconf 86' lang='lat' dir='ltr'>mensura</span> 
     </span>
     <span class='ocr_line' id='line_1_4' title="bbox 84 408 1565 463; baseline -0.001 -14"><span class='ocrx_word' id='word_1_19' title='bbox 84 408 278 450; x_wconf 86' lang='lat' dir='ltr'>Herculis</span> <span class='ocrx_word' id='word_1_20' title='bbox 311 409 646 463; x_wconf 77' lang='lat' dir='ltr'>magnitudinem</span> <span class='ocrx_word' id='word_1_21' title='bbox 678 408 956 450; x_wconf 76' lang='lat' dir='ltr'>ratiocinatus</span> <span class='ocrx_word' id='word_1_22' title='bbox 990 414 1065 450; x_wconf 87' lang='lat' dir='ltr'>est.</span> <span class='ocrx_word' id='word_1_23' title='bbox 1100 409 1187 450; x_wconf 78' lang='lat' dir='ltr'>Sed</span> <span class='ocrx_word' id='word_1_24' title='bbox 1216 408 1413 461; x_wconf 87' lang='lat' dir='ltr'>quoniam</span> <span class='ocrx_word' id='word_1_25' title='bbox 1444 409 1565 449; x_wconf 85' lang='lat' dir='ltr'>intel-</span> 
     </span>
     <span class='ocr_line' id='line_1_5' title="bbox 82 479 1564 534; baseline -0.001 -14"><span class='ocrx_word' id='word_1_26' title='bbox 82 480 194 533; x_wconf 91' lang='lat' dir='ltr'>lego,</span> <span class='ocrx_word' id='word_1_27' title='bbox 239 488 281 520; x_wconf 80' lang='lat' dir='ltr'>te</span> <span class='ocrx_word' id='word_1_28' title='bbox 326 481 422 522; x_wconf 88' lang='lat' dir='ltr'>novi</span> <span class='ocrx_word' id='word_1_29' title='bbox 463 480 622 533; x_wconf 87' lang='lat' dir='ltr'>aliquid</span> <span class='ocrx_word' id='word_1_30' title='bbox 666 480 877 521; x_wconf 88' lang='lat' dir='ltr'>hactenus</span> <span class='ocrx_word' id='word_1_31' title='bbox 922 486 1152 534; x_wconf 80' lang='lat' dir='ltr'>expectare</span> <span class='ocrx_word' id='word_1_32' title='bbox 1199 479 1311 532; x_wconf 71' lang='lat' dir='ltr'>(piod</span> <span class='ocrx_word' id='word_1_33' title='bbox 1350 479 1564 533; x_wconf 87' lang='lat' dir='ltr'>pagellam</span> 
     </span>
     <span class='ocr_line' id='line_1_6' title="bbox 83 550 1566 604; baseline 0.001 -15"><span class='ocrx_word' id='word_1_34' title='bbox 83 563 326 603; x_wconf 76' lang='lat' dir='ltr'>superesse,</span> <span class='ocrx_word' id='word_1_35' title='bbox 359 551 505 602; x_wconf 78' lang='lat' dir='ltr'>vides3</span> <span class='ocrx_word' id='word_1_36' title='bbox 552 564 605 592; x_wconf 89' lang='lat' dir='ltr'>ne</span> <span class='ocrx_word' id='word_1_37' title='bbox 639 564 715 604; x_wconf 90' lang='lat' dir='ltr'>spe</span> <span class='ocrx_word' id='word_1_38' title='bbox 748 556 821 591; x_wconf 85' lang='lat' dir='ltr'>tua</span> <span class='ocrx_word' id='word_1_39' title='bbox 854 550 1071 601; x_wconf 85' lang='lat' dir='ltr'>frustrere,</span> <span class='ocrx_word' id='word_1_40' title='bbox 1117 550 1295 591; x_wconf 79' lang='lat' dir='ltr'>Achillis</span> <span class='ocrx_word' id='word_1_41' title='bbox 1338 550 1566 591; x_wconf 87' lang='lat' dir='ltr'>Philerotis</span> 
     </span>
     <span class='ocr_line' id='line_1_7' title="bbox 80 620 1563 675; baseline 0 -14"><span class='ocrx_word' id='word_1_42' title='bbox 80 628 235 675; x_wconf 84' lang='lat' dir='ltr'>poetae</span> <span class='ocrx_word' id='word_1_43' title='bbox 280 621 504 662; x_wconf 88' lang='lat' dir='ltr'>clarissimi</span> <span class='ocrx_word' id='word_1_44' title='bbox 549 628 591 663; x_wconf 91' lang='lat' dir='ltr'>et</span> <span class='ocrx_word' id='word_1_45' title='bbox 635 621 982 675; x_wconf 88' lang='lat' dir='ltr'>incomparabilis</span> <span class='ocrx_word' id='word_1_46' title='bbox 1015 621 1308 675; x_wconf 88' lang='lat' dir='ltr'>praeceptoris</span> <span class='ocrx_word' id='word_1_47' title='bbox 1349 621 1433 661; x_wconf 90' lang='lat' dir='ltr'>mei</span> <span class='ocrx_word' id='word_1_48' title='bbox 1464 620 1563 674; x_wconf 88' lang='lat' dir='ltr'>Epi-</span> 
     </span>
     <span class='ocr_line' id='line_1_8' title="bbox 81 691 1566 745; baseline -0.001 -13"><span class='ocrx_word' id='word_1_49' title='bbox 81 698 319 744; x_wconf 84' lang='lat' dir='ltr'>grammata</span> <span class='ocrx_word' id='word_1_50' title='bbox 364 693 574 745; x_wconf 84' lang='lat' dir='ltr'>quaedam</span> <span class='ocrx_word' id='word_1_51' title='bbox 621 693 757 735; x_wconf 88' lang='lat' dir='ltr'>obiter</span> <span class='ocrx_word' id='word_1_52' title='bbox 801 692 960 743; x_wconf 87' lang='lat' dir='ltr'>addidi,</span> <span class='ocrx_word' id='word_1_53' title='bbox 1007 692 1160 745; x_wconf 90' lang='lat' dir='ltr'>quibus</span> <span class='ocrx_word' id='word_1_54' title='bbox 1194 693 1252 733; x_wconf 89' lang='lat' dir='ltr'>nil</span> <span class='ocrx_word' id='word_1_55' title='bbox 1285 691 1462 742; x_wconf 66' lang='lat' dir='ltr'>dulcius,</span> <span class='ocrx_word' id='word_1_56' title='bbox 1507 691 1566 732; x_wconf 92' lang='lat' dir='ltr'>nil</span> 
     </span>
     <span class='ocr_line' id='line_1_9' title="bbox 83 762 1563 817; baseline 0.001 -14"><span class='ocrx_word' id='word_1_57' title='bbox 83 763 319 814; x_wconf 82' lang='lat' dir='ltr'>candidius,</span> <span class='ocrx_word' id='word_1_58' title='bbox 364 764 424 804; x_wconf 90' lang='lat' dir='ltr'>nil</span> <span class='ocrx_word' id='word_1_59' title='bbox 469 765 707 806; x_wconf 88' lang='lat' dir='ltr'>emunctius</span> <span class='ocrx_word' id='word_1_60' title='bbox 754 778 850 806; x_wconf 87' lang='lat' dir='ltr'>esse</span> <span class='ocrx_word' id='word_1_61' title='bbox 896 764 964 805; x_wconf 83' lang='lat' dir='ltr'>vel</span> <span class='ocrx_word' id='word_1_62' title='bbox 1008 764 1172 804; x_wconf 86' lang='lat' dir='ltr'>Momus</span> <span class='ocrx_word' id='word_1_63' title='bbox 1216 764 1309 817; x_wconf 89' lang='lat' dir='ltr'>ipse</span> <span class='ocrx_word' id='word_1_64' title='bbox 1344 762 1563 804; x_wconf 85' lang='lat' dir='ltr'>iudicabit.</span> 
     </span>
    </p>
   </div>
   <div class='ocr_carea' id='block_1_3' title="bbox 82 833 870 888">
    <p class='ocr_par' dir='ltr' id='par_1_3' title="bbox 82 833 870 888">
     <span class='ocr_line' id='line_1_10' title="bbox 82 833 870 888; baseline 0.004 -14"><span class='ocrx_word' id='word_1_65' title='bbox 82 833 235 875; x_wconf 78' lang='lat' dir='ltr'>Lector</span> <span class='ocrx_word' id='word_1_66' title='bbox 266 835 438 888; x_wconf 88' lang='lat' dir='ltr'>pellege</span> <span class='ocrx_word' id='word_1_67' title='bbox 471 836 716 877; x_wconf 82' lang='lat' dir='ltr'>laetaberis.</span> <span class='ocrx_word' id='word_1_68' title='bbox 752 835 870 877; x_wconf 86' lang='lat' dir='ltr'>Vale.</span> 
     </span>
    </p>
   </div>
   <div class='ocr_carea' id='block_1_4' title="bbox 384 1030 1255 1079">
    <p class='ocr_par' dir='ltr' id='par_1_4' title="bbox 384 1030 1255 1079">
     <span class='ocr_line' id='line_1_11' title="bbox 384 1030 1255 1079; baseline 0 -13"><span class='ocrx_word' id='word_1_69' title='bbox 384 1030 604 1068; x_wconf 83' lang='lat' dir='ltr'>Eiusdem</span> <span class='ocrx_word' id='word_1_70' title='bbox 638 1031 736 1068; x_wconf 87' lang='lat' dir='ltr'>Seb.</span> <span class='ocrx_word' id='word_1_71' title='bbox 764 1031 908 1079; x_wconf 75' lang='lat' dir='ltr'>Magii</span> <span class='ocrx_word' id='word_1_72' title='bbox 935 1032 1255 1078; x_wconf 81' lang='lat' dir='ltr'>epigramma.¹</span> 
     </span>
    </p>
   </div>
   <div class='ocr_carea' id='block_1_5' title="bbox 251 1142 1479 2120">
    <p class='ocr_par' dir='ltr' id='par_1_5' title="bbox 251 1142 1479 2120">
     <span class='ocr_line' id='line_1_12' title="bbox 255 1142 1283 1196; baseline 0.001 -15"><span class='ocrx_word' id='word_1_73' title='bbox 255 1142 409 1183; x_wconf 85' lang='lat' dir='ltr'>Dulcia</span> <span class='ocrx_word' id='word_1_74' title='bbox 441 1156 567 1196; x_wconf 87' lang='lat' dir='ltr'>poma</span> <span class='ocrx_word' id='word_1_75' title='bbox 601 1142 720 1184; x_wconf 85' lang='lat' dir='ltr'>dabit</span> <span class='ocrx_word' id='word_1_76' title='bbox 753 1143 927 1183; x_wconf 84' lang='lat' dir='ltr'>formosi</span> <span class='ocrx_word' id='word_1_77' title='bbox 959 1142 1126 1183; x_wconf 76' lang='lat' dir='ltr'>villicus</span> <span class='ocrx_word' id='word_1_78' title='bbox 1159 1142 1283 1193; x_wconf 86' lang='lat' dir='ltr'>horti,</span> 
     </span>
     <span class='ocr_line' id='line_1_13' title="bbox 312 1213 1224 1267; baseline 0 -14"><span class='ocrx_word' id='word_1_79' title='bbox 312 1213 528 1266; x_wconf 78' lang='lat' dir='ltr'>Multaque</span> <span class='ocrx_word' id='word_1_80' title='bbox 561 1214 785 1267; x_wconf 88' lang='lat' dir='ltr'>purpureis</span> <span class='ocrx_word' id='word_1_81' title='bbox 818 1214 907 1254; x_wconf 90' lang='lat' dir='ltr'>lilia</span> <span class='ocrx_word' id='word_1_82' title='bbox 939 1214 1070 1254; x_wconf 82' lang='lat' dir='ltr'>mixta</span> <span class='ocrx_word' id='word_1_83' title='bbox 1102 1214 1224 1255; x_wconf 91' lang='lat' dir='ltr'>rosis.</span> 
     </span>
     <span class='ocr_line' id='line_1_14' title="bbox 255 1284 1260 1337; baseline 0.001 -14"><span class='ocrx_word' id='word_1_84' title='bbox 255 1284 454 1336; x_wconf 82' lang='lat' dir='ltr'>Agricola</span> <span class='ocrx_word' id='word_1_85' title='bbox 486 1297 665 1335; x_wconf 83' lang='lat' dir='ltr'>messeS,</span> <span class='ocrx_word' id='word_1_86' title='bbox 699 1291 922 1337; x_wconf 74' lang='lat' dir='ltr'>turgentes</span> <span class='ocrx_word' id='word_1_87' title='bbox 955 1284 1110 1325; x_wconf 75' lang='lat' dir='ltr'>vinitor</span> <span class='ocrx_word' id='word_1_88' title='bbox 1141 1298 1260 1334; x_wconf 72' lang='lat' dir='ltr'>uvas,</span> 
     </span>
     <span class='ocr_line' id='line_1_15' title="bbox 312 1355 1318 1409; baseline 0.001 -14"><span class='ocrx_word' id='word_1_89' title='bbox 312 1355 571 1409; x_wconf 82' lang='lat' dir='ltr'>Praepingvi</span> <span class='ocrx_word' id='word_1_90' title='bbox 603 1356 737 1397; x_wconf 83' lang='lat' dir='ltr'>lectas</span> <span class='ocrx_word' id='word_1_91' title='bbox 771 1355 824 1396; x_wconf 90' lang='lat' dir='ltr'>de</span> <span class='ocrx_word' id='word_1_92' title='bbox 857 1369 989 1408; x_wconf 90' lang='lat' dir='ltr'>grege</span> <span class='ocrx_word' id='word_1_93' title='bbox 1022 1362 1169 1408; x_wconf 85' lang='lat' dir='ltr'>pastor</span> <span class='ocrx_word' id='word_1_94' title='bbox 1201 1368 1318 1396; x_wconf 78' lang='lat' dir='ltr'>oves,</span> 
     </span>
     <span class='ocr_line' id='line_1_16' title="bbox 252 1425 1233 1479; baseline 0.001 -13"><span class='ocrx_word' id='word_1_95' title='bbox 252 1425 394 1467; x_wconf 86' lang='lat' dir='ltr'>Pictor</span> <span class='ocrx_word' id='word_1_96' title='bbox 425 1426 605 1479; x_wconf 84' lang='lat' dir='ltr'>Apellea</span> <span class='ocrx_word' id='word_1_97' title='bbox 638 1426 878 1479; x_wconf 84' lang='lat' dir='ltr'>descriptas</span> <span class='ocrx_word' id='word_1_98' title='bbox 911 1433 1001 1467; x_wconf 91' lang='lat' dir='ltr'>arte</span> <span class='ocrx_word' id='word_1_99' title='bbox 1036 1426 1233 1477; x_wconf 86' lang='lat' dir='ltr'>tabellas,</span> 
     </span>
     <span class='ocr_line' id='line_1_17' title="bbox 311 1496 1351 1553; baseline 0.002 -16"><span class='ocrx_word' id='word_1_100' title='bbox 311 1496 532 1538; x_wconf 82' lang='lat' dir='ltr'>Daedalus</span> <span class='ocrx_word' id='word_1_101' title='bbox 566 1511 588 1538; x_wconf 93' lang='lat' dir='ltr'>e</span> <span class='ocrx_word' id='word_1_102' title='bbox 621 1498 745 1538; x_wconf 88' lang='lat' dir='ltr'>Pario</span> <span class='ocrx_word' id='word_1_103' title='bbox 779 1511 986 1539; x_wconf 88' lang='lat' dir='ltr'>marmore</span> <span class='ocrx_word' id='word_1_104' title='bbox 1020 1499 1209 1553; x_wconf 88' lang='lat' dir='ltr'>sculptor</span> <span class='ocrx_word' id='word_1_105' title='bbox 1231 1511 1351 1552; x_wconf 88' lang='lat' dir='ltr'>opus.</span> 
     </span>
     <span class='ocr_line' id='line_1_18' title="bbox 254 1568 1479 1624; baseline 0.002 -16"><span class='ocrx_word' id='word_1_106' title='bbox 254 1570 380 1608; x_wconf 80' lang='lat' dir='ltr'>Arma</span> <span class='ocrx_word' id='word_1_107' title='bbox 397 1568 514 1609; x_wconf 89' lang='lat' dir='ltr'>ferus</span> <span class='ocrx_word' id='word_1_108' title='bbox 533 1569 668 1617; x_wconf 70' lang='lat' dir='ltr'>miles,</span> <span class='ocrx_word' id='word_1_109' title='bbox 689 1582 897 1621; x_wconf 80' lang='lat' dir='ltr'>gemmas,</span> <span class='ocrx_word' id='word_1_110' title='bbox 916 1569 1172 1622; x_wconf 86' lang='lat' dir='ltr'>niveumque</span> <span class='ocrx_word' id='word_1_111' title='bbox 1191 1569 1479 1624; x_wconf 86' lang='lat' dir='ltr'>Elephantum</span> 
     </span>
     <span class='ocr_line' id='line_1_19' title="bbox 311 1639 1273 1693; baseline 0.002 -14"><span class='ocrx_word' id='word_1_112' title='bbox 311 1639 454 1691; x_wconf 85' lang='lat' dir='ltr'>Indus,</span> <span class='ocrx_word' id='word_1_113' title='bbox 489 1653 593 1693; x_wconf 86' lang='lat' dir='ltr'>opes</span> <span class='ocrx_word' id='word_1_114' title='bbox 627 1639 778 1681; x_wconf 87' lang='lat' dir='ltr'>avidas</span> <span class='ocrx_word' id='word_1_115' title='bbox 812 1640 954 1682; x_wconf 87' lang='lat' dir='ltr'>divitis</span> <span class='ocrx_word' id='word_1_116' title='bbox 988 1654 1088 1681; x_wconf 83' lang='lat' dir='ltr'>arca</span> <span class='ocrx_word' id='word_1_117' title='bbox 1120 1640 1273 1681; x_wconf 82' lang='lat' dir='ltr'>Midae.</span> 
     </span>
     <span class='ocr_line' id='line_1_20' title="bbox 251 1710 1430 1764; baseline 0.002 -13"><span class='ocrx_word' id='word_1_118' title='bbox 251 1710 340 1751; x_wconf 85' lang='lat' dir='ltr'>Nos</span> <span class='ocrx_word' id='word_1_119' title='bbox 363 1710 438 1752; x_wconf 86' lang='lat' dir='ltr'>tibi</span> <span class='ocrx_word' id='word_1_120' title='bbox 460 1711 722 1764; x_wconf 90' lang='lat' dir='ltr'>praesidium</span> <span class='ocrx_word' id='word_1_121' title='bbox 747 1718 788 1752; x_wconf 87' lang='lat' dir='ltr'>et</span> <span class='ocrx_word' id='word_1_122' title='bbox 812 1711 944 1753; x_wconf 88' lang='lat' dir='ltr'>decus</span> <span class='ocrx_word' id='word_1_123' title='bbox 975 1712 1089 1753; x_wconf 89' lang='lat' dir='ltr'>orbis</span> <span class='ocrx_word' id='word_1_124' title='bbox 1117 1711 1314 1763; x_wconf 83' lang='lat' dir='ltr'>maxime,</span> <span class='ocrx_word' id='word_1_125' title='bbox 1338 1712 1430 1753; x_wconf 90' lang='lat' dir='ltr'>Iani</span> 
     </span>
     <span class='ocr_line' id='line_1_21' title="bbox 314 1781 1251 1836; baseline 0 -14"><span class='ocrx_word' id='word_1_126' title='bbox 314 1781 512 1822; x_wconf 87' lang='lat' dir='ltr'>Carmina</span> <span class='ocrx_word' id='word_1_127' title='bbox 544 1782 825 1836; x_wconf 73' lang='lat' dir='ltr'>Hyperborea</span> <span class='ocrx_word' id='word_1_128' title='bbox 859 1782 1110 1824; x_wconf 85' lang='lat' dir='ltr'>candidiora</span> <span class='ocrx_word' id='word_1_129' title='bbox 1141 1784 1251 1824; x_wconf 90' lang='lat' dir='ltr'>nive.</span> 
     </span>
     <span class='ocr_line' id='line_1_22' title="bbox 254 1852 1383 1907; baseline 0.002 -14"><span class='ocrx_word' id='word_1_130' title='bbox 254 1852 464 1903; x_wconf 78' lang='lat' dir='ltr'>Carmina,</span> <span class='ocrx_word' id='word_1_131' title='bbox 500 1866 609 1906; x_wconf 88' lang='lat' dir='ltr'>quae</span> <span class='ocrx_word' id='word_1_132' title='bbox 643 1853 758 1894; x_wconf 86' lang='lat' dir='ltr'>docti</span> <span class='ocrx_word' id='word_1_133' title='bbox 792 1854 964 1907; x_wconf 89' lang='lat' dir='ltr'>cupiant</span> <span class='ocrx_word' id='word_1_134' title='bbox 987 1854 1190 1895; x_wconf 87' lang='lat' dir='ltr'>imitarier</span> <span class='ocrx_word' id='word_1_135' title='bbox 1222 1868 1383 1906; x_wconf 88' lang='lat' dir='ltr'>omnes,</span> 
     </span>
     <span class='ocr_line' id='line_1_23' title="bbox 312 1923 1297 1978; baseline 0 -14"><span class='ocrx_word' id='word_1_136' title='bbox 312 1924 447 1965; x_wconf 81' lang='lat' dir='ltr'>Nemo</span> <span class='ocrx_word' id='word_1_137' title='bbox 481 1930 622 1976; x_wconf 89' lang='lat' dir='ltr'>queat,</span> <span class='ocrx_word' id='word_1_138' title='bbox 658 1923 794 1965; x_wconf 80' lang='lat' dir='ltr'>Genio</span> <span class='ocrx_word' id='word_1_139' title='bbox 829 1925 1019 1966; x_wconf 87' lang='lat' dir='ltr'>carmina</span> <span class='ocrx_word' id='word_1_140' title='bbox 1051 1925 1181 1978; x_wconf 89' lang='lat' dir='ltr'>digna</span> <span class='ocrx_word' id='word_1_141' title='bbox 1214 1933 1297 1967; x_wconf 83' lang='lat' dir='ltr'>tuo.</span> 
     </span>
     <span class='ocr_line' id='line_1_24' title="bbox 255 1995 1422 2049; baseline 0.002 -14"><span class='ocrx_word' id='word_1_142' title='bbox 255 1995 447 2048; x_wconf 77' lang='lat' dir='ltr'>Chrysea</span> <span class='ocrx_word' id='word_1_143' title='bbox 481 1995 582 2036; x_wconf 86' lang='lat' dir='ltr'>dent</span> <span class='ocrx_word' id='word_1_144' title='bbox 615 1995 687 2036; x_wconf 89' lang='lat' dir='ltr'>alii</span> <span class='ocrx_word' id='word_1_145' title='bbox 718 1996 896 2047; x_wconf 87' lang='lat' dir='ltr'>interea,</span> <span class='ocrx_word' id='word_1_146' title='bbox 930 2009 1009 2036; x_wconf 89' lang='lat' dir='ltr'>nos</span> <span class='ocrx_word' id='word_1_147' title='bbox 1039 1996 1215 2037; x_wconf 89' lang='lat' dir='ltr'>chartea</span> <span class='ocrx_word' id='word_1_148' title='bbox 1244 2004 1422 2049; x_wconf 83' lang='lat' dir='ltr'>tantum,</span> 
     </span>
     <span class='ocr_line' id='line_1_25' title="bbox 312 2065 1382 2120; baseline 0.003 -14"><span class='ocrx_word' id='word_1_149' title='bbox 312 2065 433 2115; x_wconf 77' lang='lat' dir='ltr'>Quae</span> <span class='ocrx_word' id='word_1_150' title='bbox 458 2065 535 2106; x_wconf 91' lang='lat' dir='ltr'>tibi</span> <span class='ocrx_word' id='word_1_151' title='bbox 559 2079 652 2106; x_wconf 87' lang='lat' dir='ltr'>cum</span> <span class='ocrx_word' id='word_1_152' title='bbox 673 2067 888 2120; x_wconf 83' lang='lat' dir='ltr'>placeant,</span> <span class='ocrx_word' id='word_1_153' title='bbox 912 2067 995 2107; x_wconf 89' lang='lat' dir='ltr'>iam</span> <span class='ocrx_word' id='word_1_154' title='bbox 1018 2067 1195 2108; x_wconf 88' lang='lat' dir='ltr'>meliora</span> <span class='ocrx_word' id='word_1_155' title='bbox 1219 2067 1382 2110; x_wconf 88' lang='lat' dir='ltr'>damus.</span> 
     </span>
    </p>
   </div>
   <div class='ocr_carea' id='block_1_6' title="bbox 169 2250 1466 2354">
    <p class='ocr_par' dir='ltr' id='par_1_6' title="bbox 169 2250 1466 2354">
     <span class='ocr_line' id='line_1_26' title="bbox 169 2250 1466 2299; baseline 0.002 -13"><span class='ocrx_word' id='word_1_156' title='bbox 169 2250 406 2287; x_wconf 73' lang='lat' dir='ltr'>Antonius</span> <span class='ocrx_word' id='word_1_157' title='bbox 441 2252 754 2288; x_wconf 78' lang='lat' dir='ltr'>Mancinellus</span> <span class='ocrx_word' id='word_1_158' title='bbox 788 2252 1142 2299; x_wconf 80' lang='lat' dir='ltr'>generosissimo</span> <span class='ocrx_word' id='word_1_159' title='bbox 1178 2253 1466 2290; x_wconf 75' lang='lat' dir='ltr'>adolescenti</span> 
     </span>
     <span class='ocr_line' id='line_1_27' title="bbox 547 2317 1086 2354; baseline 0.002 -1"><span class='ocrx_word' id='word_1_160' title='bbox 547 2317 770 2353; x_wconf 82' lang='lat' dir='ltr'>Michaeli</span> <span class='ocrx_word' id='word_1_161' title='bbox 808 2317 1086 2354; x_wconf 58' lang='lat' dir='ltr'>Pannonios-³</span> 
     </span>
    </p>
   </div>
   <div class='ocr_carea' id='block_1_7' title="bbox 70 2421 1558 2760">
    <p class='ocr_par' dir='ltr' id='par_1_7' title="bbox 70 2421 1558 2760">
     <span class='ocr_line' id='line_1_28' title="bbox 191 2421 1558 2472; baseline 0.004 -11"><span class='ocrx_word' id='word_1_162' title='bbox 191 2421 283 2462; x_wconf 87' lang='lat' dir='ltr'>Etsi</span> <span class='ocrx_word' id='word_1_163' title='bbox 316 2422 475 2463; x_wconf 87' lang='lat' dir='ltr'>Fabius</span> <span class='ocrx_word' id='word_1_164' title='bbox 522 2422 827 2472; x_wconf 78' lang='lat' dir='ltr'>Quintilianus.</span> <span class='ocrx_word' id='word_1_165' title='bbox 855 2423 1087 2464; x_wconf 89' lang='lat' dir='ltr'>Diomedes</span> <span class='ocrx_word' id='word_1_166' title='bbox 1137 2423 1264 2464; x_wconf 81' lang='lat' dir='ltr'>etiam</span> <span class='ocrx_word' id='word_1_167' title='bbox 1298 2432 1339 2464; x_wconf 88' lang='lat' dir='ltr'>et</span> <span class='ocrx_word' id='word_1_168' title='bbox 1374 2423 1558 2466; x_wconf 91' lang='lat' dir='ltr'>donatus</span> 
     </span>
     <span class='ocr_line' id='line_1_29' title="bbox 72 2484 1556 2549; baseline 0.003 -17"><span class='ocrx_word' id='word_1_169' title='bbox 72 2505 156 2532; x_wconf 89' lang='lat' dir='ltr'>non</span> <span class='ocrx_word' id='word_1_170' title='bbox 200 2506 341 2546; x_wconf 83' lang='lat' dir='ltr'>pauca</span> <span class='ocrx_word' id='word_1_171' title='bbox 373 2493 425 2534; x_wconf 92' lang='lat' dir='ltr'>de</span> <span class='ocrx_word' id='word_1_172' title='bbox 459 2493 606 2547; x_wconf 88' lang='lat' dir='ltr'>figuris</span> <span class='ocrx_word' id='word_1_173' title='bbox 640 2494 786 2535; x_wconf 78' lang='lat' dir='ltr'>dixere</span> <span class='ocrx_word' id='word_1_174' title='bbox 831 2494 1016 2535; x_wconf 87' lang='lat' dir='ltr'>Michael</span> <span class='ocrx_word' id='word_1_175' title='bbox 1048 2495 1206 2547; x_wconf 80' lang='lat' dir='ltr'>inclyte</span> <span class='ocrx_word' id='word_1_176' title='bbox 1244 2484 1441 2536; x_wconf 76' lang='lat' dir='ltr'>vattamen</span> <span class='ocrx_word' id='word_1_177' title='bbox 1476 2509 1556 2549; x_wconf 87' lang='lat' dir='ltr'>ego</span> 
     </span>
     <span class='ocr_line' id='line_1_30' title="bbox 72 2563 1554 2620; baseline 0.003 -17"><span class='ocrx_word' id='word_1_178' title='bbox 72 2576 239 2616; x_wconf 83' lang='lat' dir='ltr'>quoque</span> <span class='ocrx_word' id='word_1_179' title='bbox 272 2563 316 2604; x_wconf 91' lang='lat' dir='ltr'>id</span> <span class='ocrx_word' id='word_1_180' title='bbox 349 2564 490 2605; x_wconf 88' lang='lat' dir='ltr'>oneris</span> <span class='ocrx_word' id='word_1_181' title='bbox 523 2566 711 2619; x_wconf 88' lang='lat' dir='ltr'>sumpsi:</span> <span class='ocrx_word' id='word_1_182' title='bbox 744 2565 899 2618; x_wconf 84' lang='lat' dir='ltr'>triplici</span> <span class='ocrx_word' id='word_1_183' title='bbox 934 2565 1101 2617; x_wconf 89' lang='lat' dir='ltr'>quidem</span> <span class='ocrx_word' id='word_1_184' title='bbox 1135 2565 1299 2607; x_wconf 89' lang='lat' dir='ltr'>ratione</span> <span class='ocrx_word' id='word_1_185' title='bbox 1331 2566 1554 2620; x_wconf 85' lang='lat' dir='ltr'>impulsus.</span> 
     </span>
     <span class='ocr_line' id='line_1_31' title="bbox 70 2633 1555 2688; baseline 0.004 -15"><span class='ocrx_word' id='word_1_186' title='bbox 70 2633 255 2674; x_wconf 84' lang='lat' dir='ltr'>Primum</span> <span class='ocrx_word' id='word_1_187' title='bbox 289 2642 333 2675; x_wconf 88' lang='lat' dir='ltr'>ut</span> <span class='ocrx_word' id='word_1_188' title='bbox 365 2642 464 2676; x_wconf 90' lang='lat' dir='ltr'>tuae</span> <span class='ocrx_word' id='word_1_189' title='bbox 498 2642 540 2676; x_wconf 90' lang='lat' dir='ltr'>et</span> <span class='ocrx_word' id='word_1_190' title='bbox 573 2636 750 2677; x_wconf 87' lang='lat' dir='ltr'>aliorum</span> <span class='ocrx_word' id='word_1_191' title='bbox 783 2636 1011 2677; x_wconf 90' lang='lat' dir='ltr'>memoriae</span> <span class='ocrx_word' id='word_1_192' title='bbox 1046 2636 1351 2688; x_wconf 84' lang='lat' dir='ltr'>consuleretur,</span> <span class='ocrx_word' id='word_1_193' title='bbox 1385 2637 1555 2679; x_wconf 85' lang='lat' dir='ltr'>facilius</span> 
     </span>
     <span class='ocr_line' id='line_1_32' title="bbox 73 2703 1554 2760; baseline 0.003 -16"><span class='ocrx_word' id='word_1_194' title='bbox 73 2703 183 2744; x_wconf 90' lang='lat' dir='ltr'>enim</span> <span class='ocrx_word' id='word_1_195' title='bbox 202 2705 492 2759; x_wconf 87' lang='lat' dir='ltr'>percipiuntur</span> <span class='ocrx_word' id='word_1_196' title='bbox 510 2712 552 2747; x_wconf 92' lang='lat' dir='ltr'>et</span> <span class='ocrx_word' id='word_1_197' title='bbox 571 2706 741 2748; x_wconf 87' lang='lat' dir='ltr'>fidelius</span> <span class='ocrx_word' id='word_1_198' title='bbox 761 2707 1042 2758; x_wconf 87' lang='lat' dir='ltr'>continentur,</span> <span class='ocrx_word' id='word_1_199' title='bbox 1066 2720 1346 2760; x_wconf 86' lang='lat' dir='ltr'>quaecunque</span> <span class='ocrx_word' id='word_1_200' title='bbox 1368 2709 1554 2750; x_wconf 89' lang='lat' dir='ltr'>carmine</span> 
     </span>
    </p>
   </div>
   <div class='ocr_carea' id='block_1_8' title="bbox 70 2843 1552 2949">
    <p class='ocr_par' dir='ltr' id='par_1_8' title="bbox 70 2843 1552 2949">
     <span class='ocr_line' id='line_1_33' title="bbox 190 2843 1552 2891; baseline 0.004 -13"><span class='ocrx_word' id='word_1_201' title='bbox 190 2843 200 2862; x_wconf 90' lang='lat'>¹</span> <span class='ocrx_word' id='word_1_202' title='bbox 229 2843 455 2888; x_wconf 84' lang='lat' dir='ltr'>Ugyanazon</span> <span class='ocrx_word' id='word_1_203' title='bbox 474 2845 603 2880; x_wconf 78' lang='lat' dir='ltr'>kiadas</span> <span class='ocrx_word' id='word_1_204' title='bbox 625 2845 785 2891; x_wconf 70' lang='lat' dir='ltr'>elejerol.</span> <span class='ocrx_word' id='word_1_205' title='bbox 825 2846 836 2865; x_wconf 68' lang='lat'><strong><em>2</em></strong></span> <span class='ocrx_word' id='word_1_206' title='bbox 864 2846 947 2880; x_wconf 88' lang='lat' dir='ltr'>Ant.</span> <span class='ocrx_word' id='word_1_207' title='bbox 968 2847 1194 2882; x_wconf 82' lang='lat' dir='ltr'>Mancinelli:</span> <span class='ocrx_word' id='word_1_208' title='bbox 1223 2847 1422 2884; x_wconf 84' lang='lat' dir='ltr'>Carmende</span> <span class='ocrx_word' id='word_1_209' title='bbox 1443 2849 1552 2884; x_wconf 91' lang='lat' dir='ltr'>Flori-</span> 
     </span>
     <span class='ocr_line' id='line_1_34' title="bbox 70 2900 1097 2949; baseline 0.006 -14"><span class='ocrx_word' id='word_1_210' title='bbox 70 2901 150 2936; x_wconf 90' lang='lat' dir='ltr'>bus.</span> <span class='ocrx_word' id='word_1_211' title='bbox 179 2900 329 2937; x_wconf 87' lang='lat' dir='ltr'>Carmen</span> <span class='ocrx_word' id='word_1_212' title='bbox 357 2903 401 2938; x_wconf 86' lang='lat' dir='ltr'>de</span> <span class='ocrx_word' id='word_1_213' title='bbox 427 2903 571 2949; x_wconf 86' lang='lat' dir='ltr'>Figuris</span> <span class='ocrx_word' id='word_1_214' title='bbox 599 2909 665 2939; x_wconf 85' lang='lat' dir='ltr'>etc.</span> <span class='ocrx_word' id='word_1_215' title='bbox 696 2906 855 2939; x_wconf 80' lang='lat' dir='ltr'>1493-iki</span> <span class='ocrx_word' id='word_1_216' title='bbox 883 2905 1097 2941; x_wconf 77' lang='lat' dir='ltr'>kadasabol.</span> 
     </span>
    </p>
   </div>
  </div>
 </body>
</html>
