1919 3273
1523 123 1592 157 495

225 336 408 378 Ioannis
440 335 664 389 Baptistae
696 335 1012 378 Novosolz‘ensis
1044 337 1272 379 Pannonii
1305 337 1473 391 Sylva.¹

253 477 418 530 Inclyta
449 477 699 518 Pannoniae
731 477 869 518 felicis
901 477 1038 530 gloria
1069 478 1185 530 Iane,

313 548 529 589 Ausoniae
564 547 778 601 splendor,
812 548 1158 601 Pegasidumque
1192 549 1334 591 decus.

255 618 414 659 Mellito
448 623 576 659 cantu
609 618 836 659 durissima
869 632 974 660 saxa
1006 620 1224 670 movebas,

315 688 630 743 Obstupuitque
663 695 734 730 tuo
769 689 954 731 carmine
988 704 1121 732 saeva
1152 691 1287 744 tigris.

254 760 427 800 Auritae
461 773 643 812 quercus
678 766 716 801 te
751 767 848 802 sunt
880 774 957 814 per
988 775 1085 802 rura
1118 768 1307 814 secutae,

311 830 516 871 Exhibuit
549 831 737 885 Delphin
770 831 896 873 obvia
928 838 1052 885 terga
1084 833 1171 874 tibi.

255 901 450 943 Sistebas
484 902 651 953 quoties
683 903 955 956 rapidissima
987 902 1161 944 flumina
1195 905 1347 945 cantu!

312 972 523 1013 Eridanus
557 973 725 1014 solitum
758 987 890 1028 saepe
923 974 1092 1026 reliquit
1123 974 1214 1015 iter.

251 1044 406 1085 Incolis
439 1044 609 1098 Elysios
642 1050 686 1085 at
718 1058 843 1096 nunc,
879 1044 1138 1096 doctissime,
1174 1059 1362 1099 campos,

311 1115 373 1156 Te
407 1116 584 1169 cingunt
617 1116 784 1156 animae
818 1116 1141 1170 suspiciuntque
1174 1117 1283 1170 piae.

251 1186 330 1228 Hic
362 1200 475 1228 nova
507 1187 605 1227 dum
638 1200 818 1228 resonas
851 1193 999 1228 aurato
1034 1188 1234 1237 earmina,
1268 1188 1443 1241 plectro,

312 1256 346 1299 O
381 1264 585 1310 quantum
617 1258 789 1311 linguis,
824 1259 948 1299 turba
979 1258 1121 1310 beata,
1155 1259 1284 1301 favet.

251 1329 386 1370 Morte
420 1335 494 1370 tua
526 1329 654 1371 celeri
685 1330 804 1382 luget
838 1342 1073 1370 concussus
1105 1330 1272 1383 Apollo,

309 1399 524 1440 Amissum
557 1400 745 1453 queritur
776 1413 906 1441 rauca
938 1400 1093 1441 Thalia
1125 1400 1270 1442 decus

249 1470 340 1512 Nec
372 1476 565 1512 metuunt
596 1471 721 1523 vinci⁷
755 1484 997 1524 quanquam
1031 1477 1195 1513 certare
1229 1471 1414 1513 disertae

310 1541 524 1582 Plurimae
557 1542 599 1582 in
632 1542 797 1583 Arctois
831 1542 1031 1595 gentibus
1066 1555 1163 1583 esse
1198 1543 1348 1583 solent.

250 1612 386 1666 Impia
419 1612 455 1653 si
486 1618 665 1667 possent
698 1613 880 1654 fatorum
909 1613 1008 1666 jura
1040 1614 1210 1666 resolvi,

308 1683 361 1724 Et
393 1689 573 1738 possent
604 1684 719 1725 flecti
751 1685 924 1725 numina
955 1685 1081 1726 laeva
1112 1685 1250 1735 simul,

251 1754 315 1795 Tu
347 1754 492 1808 Pylios
526 1768 729 1808 superare
763 1755 870 1806 dies7
904 1756 984 1795 tria
1017 1755 1163 1796 secula
1196 1755 1312 1796 solus

308 1825 503 1867 Nestoris
536 1825 648 1866 illius
681 1826 853 1867 vincere
888 1826 1114 1867 debueras.

249 1897 303 1938 Et
335 1897 449 1950 quod
482 1898 652 1948 cornici,
686 1897 908 1950 cervisque
941 1897 1168 1950 fugacibus
1202 1911 1352 1939 aevum

309 1967 508 2022 Contigit,
541 1968 584 2009 id
616 1975 739 2010 vates
772 1969 914 2010 vivere
949 1968 1104 2021 dignus
1138 1981 1247 2009 eras.

252 2039 338 2081 Sed
362 2040 562 2092 quoniam
584 2040 793 2081 Lachesis
816 2053 899 2080 non
923 2040 1035 2081 levia
1060 2039 1193 2080 Verba
1214 2045 1461 2093 precantum

306 2111 447 2161 Audit,
482 2124 562 2152 nec
594 2110 794 2164 precibus
826 2109 1010 2151 flectitur
1040 2110 1136 2164 ipsa
1168 2111 1262 2164 piis,

249 2182 409 2236 Accipe
442 2182 725 2236 Pimpliadum
759 2181 834 2223 tibi
868 2194 978 2233 quae
1011 2182 1082 2235 pia
1115 2195 1216 2223 cura
1249 2195 1438 2224 sororum

309 2253 488 2305 Asserit,
523 2259 697 2294 aeterno
732 2253 920 2294 carmina
952 2258 1076 2306 rapta
1107 2266 1225 2306 rogo.

251 2324 449 2365 Carmina
481 2325 719 2366 Lethaeum
751 2337 836 2364 non
869 2323 1141 2364 formidantia
1173 2323 1343 2376 flumen,
1399 2360 1406 2367 .

309 2394 506 2436 Carmina
538 2396 655 2436 nulla
687 2408 870 2447 unquam
904 2394 1151 2448 deperitura
1184 2394 1264 2436 die.

221 2700 230 2719 ¹
257 2701 365 2735 Ianus
391 2701 601 2735 Pannonius
627 2701 765 2735 tizenot
791 2699 947 2744 elegiaja
974 2700 1143 2742 1522-iki‚
1169 2700 1341 2744 bolognai
1360 2700 1586 2735 kiadasanak

101 2758 260 2803 vegero'l.
