1919 3273
340 97 410 132 422

387 253 430 286 95
488 240 599 282 Crux
629 246 774 282 tamen
807 246 873 282 est
903 246 1076 283 nostrae
1109 240 1360 294 eertigima
1392 241 1511 283 scala
1533 241 1695 291 salutis,

547 313 600 352 Et
633 317 768 353 tutum
806 311 993 354 Christi¹
1027 313 1174 367 passio
1207 312 1341 354 munit
1372 311 1466 353 iter.

488 383 581 424 Hae
614 383 714 436 quia
747 397 1013 425 communem
1036 383 1050 405 ²
1084 384 1233 425 statuit
1264 397 1466 438 reparare
1499 383 1676 435 ruinam,

551 455 691 508 Atque
725 468 805 496 sua
837 461 1026 496 nostram
1061 455 1262 509 frangere
1295 462 1431 496 morte
1464 468 1613 497 necem

488 528 608 568 Haeo
642 526 841 579 quotiens
874 533 1064 580 reputas,
1099 527 1287 568 divinum
1320 540 1476 568 numen
1510 526 1657 578 adora,

364 609 432 643 100
548 598 629 649 Ah,
664 597 744 639 soli
777 604 982 651 quantum
1016 604 1083 639 est
1113 611 1244 652 posse
1278 598 1451 652 plaeere
1486 597 1579 639 deo.

1011 703 1164 750 Τελως.

421 953 621 989 Ioannes
648 952 862 999 Baptista
888 952 997 988 Pius
1024 952 1267 989 Lueretius
1295 952 1749 999 commentarjab61.³

616 1064 672 1106 R.
705 1063 915 1118 Episcopo
954 1062 1394 1116 Quinqueeeclesiensi
1427 1063 1551 1105 Pius.

485 1172 679 1213 Mitratos
713 1172 824 1213 inter
856 1185 1059 1226 proceres
1092 1171 1340 1213 venerande
1375 1170 1535 1225 Georgi

514 1243 649 1294 Mens,
685 1243 809 1295 oeuli,
845 1256 907 1295 os,
941 1256 1082 1295 aures,
1116 1243 1321 1297 principis
1354 1242 1571 1284 Aemathii

488 1316 706 1357 Romuleis
740 1315 927 1356 animum
960 1315 1133 1368 vigilem
1166 1328 1279 1356 nune
1312 1314 1424 1356 dede
1456 1314 1614 1356 libellis

545 1387 636 1428 Ηο0
662 1387 779 1438 Pius,
807 1387 889 1428 hoo
917 1392 1054 1439 vates,
1083 1387 1163 1428 1100
1190 1392 1314 1440 rogat
1341 1399 1478 1439 usque
1509 1386 1654 1428 eliens.

487 1458 714 1512 Scipiadas
744 1459 911 1500 imitare
939 1472 1102 1513 precor,
1139 1458 1401 1511 Sullamque,
1437 1457 1664 1510 Titumque

545 1530 599 1570 Et
632 1530 786 1583 quibus
817 1530 860 1570 in
894 1530 1059 1571 eoelum
1094 1530 1289 1580 versibus
1322 1529 1383 1571 ire
1415 1529 1533 1571 libet.

486 1602 562 1643 Est
595 1601 737 1642 famae
772 1608 895 1643 vates
927 1615 1111 1656 praeco;
1145 1601 1243 1643 Tibi
1275 1608 1422 1642 nostra
1456 1614 1663 1642 camaena

547 1672 715 1714 Serviet
746 1673 788 1713 in
822 1672 974 1714 laudes
1009 1686 1179 1727 semper
1208 1674 1320 1714 itura
1353 1680 1461 1714 tuas.

486 1745 551 1785 Tu
585 1744 711 1785 modo
744 1745 995 1798 pauperiem
1028 1758 1200 1786 remove
1234 1744 1438 1798 tenuique
1471 1752 1627 1798 poetae

547 1815 653 1857 Oeia
687 1815 903 1857 Caesareo
936 1822 1028 1857 tuta
1060 1816 1208 1858 favore
1243 1816 1344 1857 dato

487 1886 558 1929 Sic
590 1888 786 1928 meritum
819 1887 971 1928 redimi
1002 1887 1159 1941 triplici
1192 1887 1449 1928 diadematis
1483 1900 1585 1928 auro

546 1958 700 2012 Cingat
734 1958 957 2000 adoratum
991 1959 1168 2000 coccina
1201 1959 1326 1999 mitra
1358 1965 1500 2012 eaput.

486 2029 557 2071 Sic:
591 2043 770 2073 concors
803 2030 951 2071 faveat
982 2029 1060 2071 tibi
1093 2030 1234 2071 celsus
1269 2029 1477 2084 Olympus
1510 2029 1614 2079 Iulo,

544 2101 734 2155 Iuppiter
767 2107 809 2141 et
840 2101 973 2142 faeiat
1007 2101 1069 2143 sie
1101 2107 1196 2143 rata
1228 2107 1329 2142 vota
1360 2101 1487 2143 Iovis.

460 2348 467 2366 ¹
491 2347 609 2382 Cristi.
645 2348 656 2366 ²
685 2358 911 2382 eonmunem.
947 2348 959 2367 ³
978 2348 1018 2381 In
1038 2347 1168 2382 Carum
1182 2347 1390 2382 Lucretium
1408 2351 1556 2391 poetam
1573 2347 1829 2382 Commentarii

338 2417 358 2441 a
384 2407 519 2442 Ioanne
548 2408 715 2451 Baptista
738 2407 804 2441 Pio
827 2407 935 2448 edite,
963 2408 1090 2442 codice
1110 2407 1327 2441 Lucretiano
1347 2407 1542 2452 diligenter
1563 2408 1826 2442 emendato...

337 2468 534 2502 Bononiae.
562 2468 691 2502 MDXI.
719 2467 799 2501 Kal.
827 2467 920 2501 Maii.
