1919 3273
1485 117 1559 152 37?

281 261 395 315 Ergo
427 267 473 302 tu
506 267 625 302 tanto
660 260 863 302 decorat-a
894 274 997 315 rege

353 331 489 384 Buda,
522 331 714 373 fumosas
746 339 1028 385 properanter
1059 345 1157 374 aras

352 402 518 454 Redde,
551 415 628 444 vos
660 407 806 456 patres
838 403 999 456 pariter
1029 403 1207 445 Bohemi

413 473 715 527 Ungaricique.

151 575 196 607 45
281 562 374 604 Hoc
395 568 550 616 rogant
581 574 747 603 mecum
777 575 908 613 mare,
941 568 1067 613 terra,
1092 562 1270 614 coelum,

351 634 444 675 Hoc
475 638 626 687 petunt
658 646 824 674 mecum
856 646 1056 687 proceres
1089 633 1244 684 Latini,

352 705 445 746 Hoc
476 704 625 746 volunt
658 705 831 745 oracula
862 704 956 745 visa
987 718 1153 746 mecum

410 775 532 817 Vatis
566 781 608 817 ct
640 781 776 817 antra.

280 864 393 906 Mars
426 869 553 906 vocat
584 877 764 916 mecum,
797 864 949 905 melius
983 864 1196 915 Quirinus,

129 946 173 981 50
353 934 466 985 Quid
498 935 575 976 tibi
607 935 744 976 maius
776 936 932 989 poterit
964 935 1104 989 putari

352 1005 543 1048 Munus‘?
574 1007 616 1047 in
650 1011 769 1047 tanto
802 1006 912 1047 bene
947 1012 1070 1059 grata
1102 1006 1220 1059 Rege

371 1068 373 1071 V
411 1078 576 1131 Inclyta
606 1077 740 1119 Buda.

722 1160 755 1201 F
770 1160 824 1201 in
839 1160 852 1200 i
868 1173 902 1201 s.

67 1349 140 1391 Ad
162 1350 341 1392 eundem
372 1349 516 1391 divum
542 1348 841 1390 Valadislaum
864 1348 1095 1404 Hzmyarie
1117 1353 1154 1391 et
1175 1349 1376 1390 Bohemie
1398 1349 1557 1404 Rcyem

60 1420 283 1474 potentiss.
308 1420 502 1463 sereniss.
531 1419 801 1474 splendidz'ss.
841 1420 1295 1473 Trizmzphatoremque
1318 1419 1557 1461 maximum-

470 1491 573 1534 liber
604 1496 785 1545 quartus
818 1490 1003 1533 ciusdem
1029 1495 1162 1544 poete.

530 1586 770 1630 (Aranybetfi,
796 1588 906 1619 veros
933 1584 1089 1628 alapon.)

215 1671 414 1712 Proxima
445 1671 631 1726 Tarpeio
664 1684 777 1712 nunc
810 1677 981 1724 spectas
1014 1670 1142 1711 flavia
1173 1669 1305 1710 monti

274 1743 421 1789 Roma,
456 1743 593 1784 nitent
627 1743 746 1784 coelo
781 1742 953 1783 condita
985 1741 1146 1794 templa
1179 1754 1269 1782 suo.

214 1813 294 1855 Illa
326 1815 484 1856 micant
517 1813 645 1855 variis
680 1813 822 1855 divum
857 1813 1030 1866 depicta
1061 1812 1209 1865 figuris

275 1885 486 1926 Phidiaca
517 1885 697 1939 vigilant
729 1897 940 1925 marmora
974 1884 1112 1925 sculta
1144 1896 1283 1923 manu.

115 1966 135 1999 5
216 1956 344 1997 Parte
378 1956 503 1998 sedet
539 1956 677 1998 media
711 1956 801 1997 solo
836 1955 1043 1997 subnixus
1077 1954 1238 1995 eburno

273 2027 465 2082 Iuppiter
497 2027 596 2069 hinc
629 2027 779 2069 aderat
812 2027 940 2067 Ianus
973 2026 1015 2066 in
1049 2039 1120 2067 016
1153 2025 1316 2079 biceps.

215 2098 321 2140 Inde
356 2098 557 2148 Quirinus
591 2103 682 2140 era't
714 2111 871 2152 pueros
904 2098 1085 2138 lustrare
1119 2096 1317 2137 Laconas

276 2169 354 2211 Cui
387 2169 523 2221 datur,
558 2176 600 2211 et
633 2170 810 2210 Martem
843 2181 1023 2209 noscere
1056 2181 1186 2222 posse
1220 2181 1355 2208 suum.

214 2241 319 2283 Post
353 2247 444 2283 erat
476 2241 625 2282 Aoniis
657 2240 902 2295 precinctus
935 2239 1088 2293 Apollo
1122 2238 1321 2279 Camenis

116 2321 159 2356 10
272 2311 419 2353 Iudice
453 2312 524 2364 qui
556 2312 732 2365 plectris
766 2317 977 2365 temperat
1010 2324 1112 2351 aure
1147 2323 1288 2351 sonos.

214 2383 325 2424 Hinc
356 2383 502 2424 Venus
537 2389 578 2424 et
611 2383 730 2434 luno,
765 2382 926 2435 Cybale
960 2387 1044 2422 stat
1077 2381 1204 2421 Delia
1236 2381 1384 2421 Pallas

273 2456 328 2496 Et
362 2455 493 2496 Ceres
528 2461 570 2496 et
603 2455 713 2495 sacri
745 2453 906 2495 lumina
938 2453 1036 2494 viva
1067 2453 1182 2493 laris.

214 2526 341 2567 Parte
376 2526 460 2567 3113
492 2532 665 2567 tenuem
697 2525 888 2566 iactabat
919 2523 1089 2577 legibus
1122 2523 1268 2564 urbem

274 2596 380 2639 Ocia
413 2597 484 2650 qui
516 2597 665 2637 Tullus
697 2596 888 2649 fregerat
920 2595 990 2636 ille
1025 2595 1175 2645 Numa,

114 2678 157 2711 15
213 2668 303 2710 Hos
335 2668 454 2709 iuxta
488 2668 678 2720 sequitur
709 2667 868 2721 populo
903 2665 1134 2707 studiosior
1165 2666 1325 2716 Ancus,

275 2739 320 2781 Si
353 2739 473 2793 cupis
505 2739 548 2779 in
580 2751 714 2791 regno
748 2737 914 2778 discere
948 2742 1123 2789 quartus
1158 2744 1261 2777 erat.

214 2810 319 2852 Inde
353 2810 526 2851 subibat
558 2822 662 2851 avos
695 2809 838 2863 proles
871 2807 1103 2860 Tarquinia
1134 2820 1274 2860 reges.

273 2881 480 2923 Intulerat
514 2886 720 2933 castoque
754 2879 878 2920 nimis
912 2892 1018 2920 ausa
1050 2878 1184 2919 thoro.
