1898 3278
237 96 283 128 42

241 252 365 292 quam
399 239 620 291 acciperes
647 273 654 280 .
680 273 686 279 .
713 270 720 278 .
757 239 954 291 Denique
988 239 1104 280 nulla
1137 239 1420 291 tranquillitas
1455 244 1597 292 potest
1630 251 1728 280 esse

240 310 451 353 diuturna.
498 323 578 351 nec
611 310 698 350 ulla
729 309 820 350 fere
854 316 920 351 est
954 316 1038 351 tam
1073 309 1211 351 solida
1243 309 1441 361 felicitas,
1485 322 1610 362 quam
1644 322 1728 351 non

239 382 436 422 fortunae
481 381 604 422 turbo
649 381 879 432 concutiat,
925 395 1034 434 quae
1075 394 1244 435 semper
1288 381 1431 422 virtuti
1463 380 1731 422 adversatrix

241 459 320 504 est,
356 459 397 493 et
430 458 670 501 contumax,
706 453 824 494 cuius
858 453 1025 506 spicula
1058 453 1259 494 aculeata
1292 465 1386 493 cum
1420 451 1535 503 alibi,
1568 458 1654 492 tum
1687 451 1730 492 111

241 524 340 564 aula
372 524 596 578 principali
627 524 810 565 maxime
843 524 1078 577 perforant,
1112 523 1184 565 ubi
1215 523 1348 565 invidi
1387 523 1730 573 calumniatores,

241 602 369 647 atque
403 595 603 636 malevoli
636 595 930 636 criminatores
965 594 1300 636 dominantur..
1327 628 1334 635 .
1382 594 1539 635 Horum
1584 594 1730 646 itaque

242 666 367 707 fictae
401 666 718 708 criminationes
751 672 793 707 te
816 666 909 719 regi
930 665 1136 706 Matthiae
1165 665 1359 707 fecerant
1382 671 1629 719 suspectum
1653 697 1660 704 .
1688 697 1695 704 .
1722 698 1730 706 .

241 737 306 778 Tu
351 737 476 779 sicuti
519 737 561 778 in
594 738 813 791 prosperis
858 736 1079 778 modestus
1123 737 1184 777 ita
1214 737 1257 777 in
1290 736 1484 778 adversis
1529 741 1732 777 constans

241 809 470 863 procellam
495 809 611 849 illam
634 809 795 862 impetu
818 808 1138 850 vehementiore
1160 808 1436 861 prosilentem
1454 806 1498 861 (1)
1520 808 1734 861 patienter

242 881 454 934 pertulisti
487 880 652 921 virtutis
687 879 946 921 adminiculo
980 879 1114 920 fultus
1138 886 1180 920 et
1203 879 1467 920 conscientia
1488 878 1733 919 immacula-

242 952 316 993 bili
349 951 569 1002 subnixus,
605 951 676 1003 qui
700 950 755 992 ad
777 950 948 991 unicum
983 949 1240 991 calamitatis
1262 950 1564 1000 levamentum,
1593 947 1733 990 studia

243 1022 514 1075 confugiens,
548 1022 591 1063 id
625 1022 828 1075 temporis
861 1021 1044 1062 maxime
1091 1027 1294 1075 expertus
1328 1027 1394 1062 est
1426 1020 1590 1061 litteras
1624 1020 1733 1061 sicut

242 1094 442 1136 felicibus
475 1095 517 1134 in
550 1094 679 1134 rebus
725 1099 823 1133 sunt
867 1093 1050 1133 maximo
1085 1098 1348 1142 ornamento,
1394 1091 1454 1132 ita
1485 1091 1527 1131 in
1562 1090 1733 1132 calami-

242 1166 348 1207 tosis
383 1178 479 1206 esse
526 1165 708 1206 maximo
756 1165 922 1215 solatio,
970 1164 1260 1217 singularique
1306 1162 1518 1217 perfugio,
1566 1176 1618 1204 ex
1651 1175 1733 1214 quo

244 1237 483 1278 uberrimus
524 1242 587 1277 est
620 1236 783 1277 fructus
827 1235 1157 1287 iucunditasque
1203 1234 1401 1289 sapienti.
1450 1234 1606 1274 Verum
1640 1246 1734 1274 cum

244 1309 471 1349 maximum
516 1308 698 1349 hominis
743 1308 1109 1361 propugnaculum
1154 1306 1401 1347 innocentia
1447 1305 1512 1357 sit,
1554 1317 1734 1357 cumque

244 1380 377 1421 virtus
411 1380 578 1421 concuti
612 1379 762 1433 possit,
799 1379 967 1420 excindi
999 1378 1299 1435 funditustnon
1324 1383 1465 1429 queat,
1489 1382 1533 1417 tu
1556 1376 1734 1430 pristino

245 1465 343 1492 mox
375 1451 551 1504 fastigio
584 1451 821 1502 restitutus,
856 1451 1009 1491 clarior
1041 1450 1328 1501 illustriorque
1358 1448 1570 1489 emersisti
1601 1448 1736 1489 instar

246 1523 369 1574 solis,
424 1536 550 1575 quem
602 1522 815 1564 nubecula
867 1522 1198 1573 obumbraverit,
1253 1533 1338 1573 qua
1390 1533 1488 1561 mox
1540 1519 1735 1573 dispulsa

245 1594 401 1648 purior,
435 1593 617 1645 nitidior,
643 1593 891 1647 flagrantior
914 1593 1099 1634 emicare
1134 1591 1367 1634 consuevit.
1401 1590 1732 1645 Impraesentia-

246 1679 336 1706 rum
371 1665 413 1705 111
447 1665 633 1706 maxima
667 1678 727 1716 es,
763 1665 872 1706 sicut
906 1664 1055 1705 merito
1090 1677 1187 1705 esse
1222 1663 1371 1714 debes,
1420 1662 1736 1703 existimatione

246 1744 374 1789 atque
409 1736 662 1778 auctoritate
702 1736 817 1790 apud
853 1736 1187 1777 sacratissimum
1223 1742 1265 1776 et
1298 1734 1411 1776 0111111
1449 1748 1542 1776 011111
1575 1734 1735 1774 honore

246 1808 347 1848 mihi
392 1808 695 1849 nominandum
747 1821 894 1861 regem
942 1807 1238 1858 Wladislaum,
1289 1820 1414 1858 quem
1466 1804 1736 1859 religiosissi-

246 1893 372 1929 mum,
408 1879 738 1930 sanctissimum,
778 1879 1197 1933 indulgentissimum
1236 1891 1381 1931 regem
1418 1878 1557 1918 sciunt
1589 1889 1736 1918 omnes

247 1950 318 2003 qui
351 1957 593 1992 noverunt.
622 1986 629 1992 .
657 1985 664 1992 .
701 1964 827 2003 quem
860 1950 961 1991 mihi
1005 1950 1047 1990 111
1081 1950 1221 1990 animo
1268 1955 1310 1990 et
1343 1947 1576 2001 aliquando
1618 1961 1737 1989 reve-

245 2029 389 2063 renter
421 2023 624 2074 salutare,
659 2021 736 2062 sed
769 2035 853 2062 11011
877 2021 969 2062 51110
993 2034 1166 2062 munere
1191 2020 1408 2061 carthacio
1433 2053 1439 2059 .
1462 2053 1469 2059 .
1493 2053 1500 2059 .
1535 2019 1599 2059 Tu
1622 2017 1737 2072 apud

247 2100 495 2145 summates,
530 2100 572 2134 et
594 2106 796 2146 proceres
830 2092 993 2134 aulicos
1027 2105 1176 2133 omnes
1200 2104 1246 2132 es
1271 2090 1482 2142 amabilis,
1511 2096 1638 2142 atque
1662 2102 1737 2143 pro

247 2179 312 2216 ea,
348 2178 432 2217 qua
464 2165 689 2219 plurimum
734 2164 872 2217 polles
917 2163 1072 2204 virtute
1107 2176 1154 2204 es
1188 2161 1462 2213 venerabilis,
1507 2168 1550 2202 te
1589 2173 1737 2201 omnes

246 2237 318 2279 ubi
351 2242 574 2290 parentem
596 2236 740 2276 colunt
762 2268 768 2274 .
792 2270 799 2276 .
827 2269 834 2275 .
865 2234 977 2284 Quid
1000 2247 1245 2285 memorem,
1268 2247 1395 2285 quam
1417 2232 1591 2286 probus,
1611 2244 1737 2284 quam

248 2307 513 2362 splendidus,
549 2320 672 2359 quam
706 2307 951 2360 inculpatus
986 2306 1147 2347 existas
1180 2306 1221 2345 in
1255 2305 1342 2346 vita
1374 2304 1574 2345 interiore
1609 2309 1738 2355 atque

247 2380 514 2421 domestica.
542 2413 549 2420 .
578 2413 584 2419 .
631 2378 684 2419 Et
718 2392 811 2419 cum
844 2378 887 2418 in
920 2378 1083 2418 familia
1127 2389 1356 2417 numerosa
1394 2376 1538 2430 plures
1572 2374 1738 2415 habeas

248 2450 421 2504 egregie
474 2449 641 2500 fideles,
694 2450 806 2491 inter
851 2454 1046 2490 caeteros
1093 2447 1375 2501 probissimus
1421 2454 1487 2487 est
1531 2445 1738 2486 Martinus

246 2522 522 2572 Arthandius,
558 2536 639 2574 quo
672 2522 715 2562 in
748 2521 934 2574 negotiis
968 2519 1214 2561 domesticis
1248 2517 1459 2559 obeundis
1498 2516 1604 2558 nihil
1635 2516 1738 2557 fide-

245 2594 340 2643 lius,
376 2593 637 2646 diligentius,
666 2591 914 2646 vigilantius
936 2591 1047 2642 novi,
1082 2603 1205 2642 quem
1228 2596 1271 2629 tu
1296 2603 1349 2630 ex
1374 2588 1570 2630 omnibus
1593 2601 1736 2638 uuum,

246 2670 394 2718 utpote
440 2664 707 2705 solertiorem
751 2663 934 2704 maxime
979 2661 1179 2702 idoneum
1220 2660 1433 2713 delegisti,
1480 2659 1548 2700 cui
1580 2671 1738 2700 arcana

248 2735 550 2786 committeres,
597 2740 639 2775 et
682 2734 857 2788 negotio
902 2745 1139 2786 permagna
1184 2731 1484 2780 concrederes,
1525 2743 1650 2783 quem
1684 2730 1738 2771 ad

247 2805 498 2847 Pontificem
531 2805 759 2846 maximum
793 2804 962 2845 unicum
996 2803 1195 2843 nuncium
1228 2802 1562 2853 renunciumque
1593 2814 1640 2842 es
1668 2814 1738 2842 ex-

247 2883 394 2930 pertus
419 2910 428 2919 .
455 2910 462 2918 .
488 2906 497 2916 .
539 2877 604 2916 Tu
638 2876 776 2917 somni
807 2875 1084 2929 parcissimus
1118 2873 1288 2926 vigilias
1323 2873 1375 2914 de
1409 2878 1550 2923 noct-e,
1582 2871 1739 2913 bonas-
