1955 3278
92 569 159 603 810

92 925 158 959 815

91 1281 158 1314 820

92 1639 160 1673 825

95 1995 163 2030 830

98 2352 164 2386 835

101 2708 168 2742 840

1504 134 1579 168 319

239 276 321 326 Qui
351 277 467 330 regis
501 281 728 318 conservat
759 289 864 330 opes
898 282 939 317 et
970 277 1092 318 fortis
1123 278 1165 319 in
1199 278 1340 330 armis,

237 347 476 401 Lanigeras
509 347 700 401 pecudes
734 347 810 388 diti
842 348 1108 389 reverentius
1143 348 1252 391 Orci.

240 418 456 459 Sollicitus
488 431 601 459 nunc
633 431 762 459 nosse
794 417 925 469 vices,
960 425 1225 472 venturaque
1259 420 1383 461 sortis

237 488 464 542 Tempora,
499 500 580 541 que
612 489 705 542 regi
737 494 935 542 spectent
968 495 1009 529 et
1042 489 1132 530 fata
1165 491 1359 543 rogabat.

238 559 347 601 Hinc
364 559 561 614 proprius
578 559 771 610 tendunt,
792 559 1063 612 equitemque
1082 560 1137 601 ad
1155 561 1325 602 turbida
1348 569 1531 604 noscunt

238 630 389 672 Hostia
411 628 454 684 (l)
487 630 580 683 quis
612 636 734 672 vates
768 643 971 671 arcanum
1003 644 1188 672 murmur
1221 632 1395 674 anhelat

238 701 483 755 Egregium,
517 706 693 742 nectunt
725 700 913 753 dextras,
948 707 990 742 et
1023 708 1146 755 grata
1177 703 1393 745 remittunt

239 771 411 823 Oscula,
445 772 719 825 subsequitur
750 772 895 825 nigros
926 773 1119 825 iugulare
1153 775 1356 816 iuvencos

240 843 386 884 Turba
406 843 625 895 frequens,
650 843 807 884 sterilis
828 849 929 884 tunc
953 844 1086 885 cultro
1110 845 1301 898 proxima
1324 859 1459 887 vacca

240 914 450 957 Sternitur
482 915 644 965 Ennee,
678 914 862 968 perdunt
894 928 1133 968 magneque
1166 917 1334 970 parenti

239 986 419 1027 Velleris
452 985 622 1027 obscuri
655 986 838 1039 pingues
872 986 1124 1027 ardentibus
1159 1000 1295 1040 agnos

238 1057 498 1109 Visceribus,
533 1057 646 1099 cesis
679 1056 910 1098 infundunt
941 1057 1042 1099 vina
1075 1058 1253 1111 capillis.

241 1128 488 1182 Suscipiunt
519 1129 635 1170 vasis
662 1128 887 1182 pecudum,
920 1128 1218 1183 trepidumque
1243 1144 1434 1172 cruorem

240 1200 287 1240 In
320 1201 481 1253 pateris
514 1200 666 1251 oleum,
701 1205 744 1240 et
776 1200 982 1241 torrentia
1013 1200 1180 1242 viscera
1212 1201 1393 1243 flammis

237 1270 432 1312 Infernos
465 1285 627 1323 manes,
661 1271 869 1323 Hecaten,
902 1278 1166 1325 matremque
1200 1273 1363 1314 cientes

239 1342 535 1391 Eumenidum,
567 1343 722 1383 affatur
753 1343 932 1397 primum
967 1343 1027 1385 sic
1059 1343 1187 1385 Ianus
1221 1344 1381 1386 amicos

240 1413 323 1455 Ore
346 1420 526 1468 potens:
562 1414 653 1464 Que
678 1427 809 1455 causa
832 1414 945 1455 viros
969 1414 1024 1455 ad
1047 1428 1182 1468 regna
1204 1421 1455 1467 querentum

238 1486 409 1540 Impulit
440 1485 683 1537 Hectoride,
717 1498 929 1538 cecasque
962 1486 1176 1538 requirere
1209 1485 1388 1527 fossas?

239 1557 374 1599 Ursus
406 1563 507 1598 tunc
539 1556 738 1599 breviter.
771 1556 906 1598 Nobis
939 1570 1150 1610 generose
1184 1557 1285 1609 quid
1318 1564 1443 1611 optas

239 1629 293 1670 Et
324 1629 513 1684 prescire
547 1628 672 1679 viros,
707 1642 806 1668 num
840 1635 881 1669 te
915 1628 1199 1681 pulcherrime
1232 1629 1375 1682 gentis

240 1700 433 1748 Palladie
467 1700 611 1741 fecere
644 1698 832 1740 manus?
864 1706 908 1740 tu
942 1705 1064 1753 grata
1098 1699 1276 1752 Dyones

241 1771 326 1813 Ora
358 1770 517 1812 tenes‘?
551 1771 744 1812 sublimis
777 1784 858 1813 avo
891 1771 1174 1811 monstrantia
1204 1770 1372 1825 pacfim.

241 1842 511 1884 Credendum
546 1850 612 1883 est
645 1848 809 1883 certare
842 1855 979 1895 genas
1012 1841 1243 1882 maioribus
1276 1842 1416 1891 astris,

241 1914 294 1955 Et
325 1913 480 1955 faciem
512 1913 716 1954 laudante
751 1912 846 1965 dea,
880 1912 947 1954 cui
979 1912 1161 1966 plurima
1191 1912 1352 1965 passim

242 1985 322 2026 Ars
354 1985 446 2036 fuit,
479 1984 522 2025 in
555 1997 678 2026 roseo
712 1984 903 2025 mananti
935 1983 1125 2025 membra
1157 1983 1312 2024 colore.

242 2056 422 2110 Effigies
454 2055 630 2097 fluxitne
662 2056 761 2109 polo
793 2055 988 2096 radiante
1021 2053 1230 2108 peracta?

243 2128 426 2168 Tantum
450 2140 598 2169 omnes
621 2127 898 2180 speculantur
920 2139 1040 2179 opus,
1062 2125 1325 2178 formamque
1346 2124 1510 2167 virilem

244 2199 492 2252 Percipiunt
522 2199 617 2240 visu
651 2204 924 2252 superantem
957 2196 1116 2238 vertice
1150 2196 1340 2247 Martem,

245 2271 543 2322 Romanosque
578 2269 710 2311 duces
742 2268 899 2310 nostris
931 2274 973 2309 te
1006 2267 1220 2308 mentibus
1253 2267 1360 2307 ultro

245 2342 486 2391 Quesumus
513 2341 738 2394 adiungas,
773 2340 924 2381 eadem
958 2352 1054 2379 nam
1088 2338 1180 2379 sata
1211 2338 1436 2379 revolvunt

245 2412 429 2467 Imperia
461 2418 503 2454 et
534 2418 726 2454 veterum
760 2411 929 2452 domino
964 2415 1185 2451 crescente
1220 2409 1425 2458 Quiritum

245 2484 423 2526 Inchoat
455 2497 579 2525 omne
614 2483 760 2530 decus,
791 2482 961 2523 monitis
995 2487 1036 2522 et
1068 2493 1173 2522 voce
1209 2479 1383 2521 deorum

247 2555 450 2596 Venimus
482 2555 565 2596 huc
597 2555 730 2605 missi,
765 2559 807 2595 et
838 2552 984 2594 Martis
1018 2565 1112 2593 cum
1146 2558 1259 2593 sorte
1294 2551 1423 2592 futuri

252 2627 417 2668 Ducere
451 2626 506 2668 ad
537 2626 728 2667 infernas
761 2626 892 2667 cicius
925 2623 1206 2678 promittimus
1239 2622 1423 2672 umbras,

247 2698 301 2739 Et
320 2698 481 2752 prolem
514 2697 771 2751 Hungaricis
794 2696 990 2738 dabimus
1013 2694 1202 2749 prescire
1225 2694 1436 2737 Latinam.

247 2769 386 2822 Atque
420 2768 530 2810 sacri
561 2768 692 2822 Regis
725 2767 885 2822 pariter
916 2778 1139 2807 numerare
1173 2764 1409 2818 triumphos

248 2839 499 2890 Vuladislai,
533 2839 661 2880 armis
695 2837 877 2892 preclari
909 2843 952 2878 et
983 2836 1138 2878 nobilis
1171 2835 1268 2877 altis

250 2910 412 2952 Fatalis
442 2911 564 2964 regni
597 2916 639 2952 et
671 2910 911 2952 crescentia
942 2908 1034 2950 fata
1065 2907 1255 2961 potentis
