1919 3273
1508 131 1575 163 441

148 350 225 386 Ad
250 349 711 386 Reverendissimum
736 349 786 385 in
812 350 994 386 Christo
1023 353 1201 397 patrem
1228 353 1275 387 et
1300 351 1349 386 D.
1376 352 1538 387 Dnum.

96 415 315 450 Thomam
340 415 468 450 tituli
496 414 654 450 Sancti
681 414 871 450 Martini
897 415 946 451 in
964 416 1196 452 montibus
1224 416 1262 452 S.
1284 416 1321 452 S.
1342 416 1578 452 Romanae

97 479 326 516 ecclesiae
364 479 672 526 presbiterum
712 479 1005 516 Cardinalem
1032 480 1397 527 strigoniensem
1437 481 1579 517 Patri-

96 545 285 580 archam
328 544 890 591 Constantinopolitanum
940 556 992 581 ao
1036 545 1337 592 Apostolicae
1389 546 1510 582 sedis
1553 556 1580 581 a

92 610 240 645 latere
267 610 486 655 legatum,
515 608 742 645 Ludovioi
767 609 1003 646 Restionis
1029 610 1315 657 Vordingani
1343 611 1498 653 oratio,
1531 611 1581 646 in

96 673 498 720 congratulatione
528 674 755 709 adventus
785 675 857 710 sui
886 674 1095 711 Viennae
1121 674 1307 710 nomine
1334 675 1580 712 fiorentiss.

566 739 887 775 universitatis
913 740 1105 775 habita.1

216 906 224 913 .
251 907 258 914 .
285 906 292 913 .
328 872 533 922 Quamvis
566 872 633 913 his
655 871 657 874 ⁴
677 870 1049 927 [meltosagoddal]
1091 874 1222 915 uteris
1261 887 1345 915 non
1385 874 1440 915 ad
1473 873 1580 914 viles

95 957 198 985 usus
244 943 322 985 sed
367 944 423 985 ad
467 943 719 985 excitandos
765 944 819 985 ad
864 945 1062 985 virtutem
1109 952 1151 985 et
1183 946 1343 998 optima
1388 957 1581 997 quaeque

96 1015 240 1056 studia
284 1020 326 1056 et
370 1015 672 1069 provehendos
718 1015 773 1055 ad
818 1015 1024 1056 maximas
1070 1015 1302 1069 dignitates
1348 1028 1496 1056 omnes
1540 1015 1582 1055 in

98 1086 251 1139 quibus
296 1086 469 1138 aliquod
514 1086 740 1139 probitatis
780 1100 829 1127 ac
862 1086 1028 1127 virtutis
1072 1086 1266 1127 inditium
1310 1094 1582 1140 perspectum

96 1157 276 1207 habeas,
326 1158 446 1198 cuius
491 1163 638 1198 tantae
684 1164 784 1197 tuae
832 1157 1162 1198 benevolentiae
1210 1157 1487 1198 humanitatis
1533 1169 1583 1197 ac

96 1227 413 1269 munificentiae
460 1242 545 1269 non
580 1228 717 1268 solum
748 1228 790 1267 in
825 1227 974 1268 doctos
1009 1242 1155 1269 omnes
1201 1241 1347 1269 verum
1381 1228 1508 1268 etiam
1541 1227 1584 1267 in

96 1299 331 1340 litterarum
377 1299 555 1353 cupidos
597 1304 732 1339 testes
778 1306 888 1349 sunt,
934 1305 995 1339 tot
1029 1298 1389 1351 praestantissimi
1432 1298 1510 1339 viri
1543 1305 1584 1339 et

96 1370 250 1411 virtute
284 1378 326 1411 et
360 1370 474 1411 omni
508 1369 759 1411 eruditionis
790 1383 949 1422 genere
983 1383 1089 1422 quos
1122 1370 1165 1410 in
1198 1376 1272 1410 tua
1304 1378 1390 1410 tam
1423 1369 1586 1422 magni-

96 1440 180 1482 fica
211 1440 376 1482 familia
411 1448 453 1482 et
474 1441 627 1494 amplis
652 1447 694 1481 et
716 1441 910 1481 honestis
935 1440 1252 1482 conditionibus
1275 1441 1425 1491 habes7
1449 1446 1585 1480 testes

98 1518 196 1553 sunt
228 1518 290 1553 tot
323 1512 488 1566 egregii
520 1512 823 1553 adolescentes
858 1512 929 1563 qui
961 1512 1029 1552 vel
1063 1511 1189 1560 domi.
1235 1512 1304 1552 vel
1338 1510 1584 1561 Cracoviae,

96 1583 167 1624 vel
199 1583 281 1634 hic,
315 1584 385 1625 vel
415 1584 458 1624 in
484 1583 609 1624 Italia
633 1583 716 1623 tuis
741 1583 937 1636 auspitiis
970 1588 1127 1635 tuoque
1162 1582 1291 1623 ductu
1319 1581 1585 1622 omnifariam

98 1653 251 1695 studiis
284 1667 459 1708 operam
491 1660 665 1695 navant.
699 1654 793 1695 Non
816 1654 948 1694 uteris
969 1653 1036 1694 his
1059 1653 1114 1693 ad
1138 1652 1398 1694 extruendas
1421 1651 1584 1704 magni-

96 1724 203 1766 ficas
237 1738 359 1766 arces
386 1738 623 1778 aereasque
648 1731 798 1775 turres,
833 1724 910 1765 sed
934 1724 989 1764 ad
1016 1724 1282 1777 profligenda
1305 1723 1586 1764 infestissima

98 1801 141 1836 et
175 1795 461 1837 Christianum
495 1796 748 1849 sanguinem
782 1795 971 1836 sitientia
1003 1795 1235 1836 Turcarum
1270 1808 1414 1835 arma.
1441 1828 1448 1834 .
1475 1829 1481 1835 .

220 2090 229 2109 ¹
259 2090 469 2133 „Orationes
505 2090 668 2124 Viennae
707 2089 878 2123 Austriae
918 2088 963 2122 ad
993 2088 1123 2121 Divum
1161 2086 1440 2120 Maximilianum
1480 2084 1586 2125 Caes,

96 2151 192 2195 Aug.
221 2150 385 2194 aliosque
424 2149 691 2184 illustrissimos
730 2148 917 2191 Principes
944 2147 1102 2180 habitae.
1140 2146 1180 2179 In
1207 2145 1443 2179 celeberrimo
1482 2144 1586 2178 trium

97 2210 241 2254 Regum
279 2209 325 2243 ad
363 2209 469 2243 Caes.
509 2212 702 2243 conventu.
747 2208 853 2241 Anno
892 2207 935 2240 M.
961 2206 1002 2239 D.
1029 2205 1103 2239 XV.
1149 2203 1302 2249 Vegen:
1345 2204 1586 2248 „Impressum

97 2269 260 2303 Viennae
278 2268 489 2302 Pannoniae
515 2278 580 2311 per
604 2265 864 2311 Hieronymum
884 2266 1078 2299 Vietorem.
1106 2264 1285 2307 Expensis
1303 2273 1389 2298 vero
1407 2263 1587 2297 Leonardi

98 2332 135 2363 et
161 2328 281 2362 Lucae
306 2328 484 2362 Alantsee
511 2327 670 2361 fratrum.
706 2326 829 2360 Mense
856 2325 1006 2358 Ianuari.
1034 2324 1142 2357 Anno
1169 2323 1212 2356 M.
1228 2323 1271 2356 D.
1286 2323 1400 2356 XVI.“
1430 2323 1485 2355 Az
1512 2320 1586 2356 ide-

98 2390 173 2422 zett
198 2385 337 2421 beszed
363 2387 451 2420 utan
488 2386 713 2421 ko‘vetkezik
756 2384 834 2424 „Ad
861 2384 1017 2417 eundem
1043 2383 1084 2416 R.
1110 2382 1149 2415 Ρ.
1178 2382 1346 2426 Sylvula“
1381 2382 1471 2416 czim
1499 2381 1587 2415 alatt

98 2447 142 2480 32
171 2446 353 2481 distichon
378 2446 521 2480 Bakacs
549 2445 683 2479 Tamas
711 2441 941 2478 dieseretere.
968 2440 1095 2483 wiron
1122 2441 1271 2485 mondja
1298 2451 1318 2474 a
1344 2440 1472 2475 kffltb:

358 2564 486 2608 Meque
513 2567 577 2597 tuo
603 2572 751 2596 numero
780 2561 938 2595 clemens
967 2559 1106 2594 ascribe
1134 2559 1303 2592 clientem

430 2622 578 2666 Subque
604 2622 674 2665 piis
703 2622 769 2655 alis
796 2630 911 2663 usque
938 2623 1040 2653 tuere
1066 2618 1148 2651 tuis.

359 2682 451 2716 Tum
479 2682 645 2716 dabimus
672 2681 797 2714 forsan
824 2690 895 2712 non
922 2678 1087 2712 fastidita
1113 2680 1254 2710 tuarum

428 2741 603 2781 Laudum,
630 2740 772 2774 virtutis
800 2741 835 2772 ct
862 2740 1095 2771 monumenta
1120 2739 1214 2770 tuae.
