1919 3273
1492 106 1562 138 447

84 247 337 302 praesertim
361 260 455 289 cum
477 246 590 289 hanc
611 247 743 289 vitam
765 247 882 288 velut
905 248 1062 301 alioqui
1080 248 1286 290 caducam
1306 255 1347 290 et
1363 249 1568 290 incertam

84 324 258 372 praeter
289 318 478 359 literaria
510 318 606 359 ocia
637 317 743 358 nihil
775 318 999 359 suavitatis
1032 319 1206 370 habere,
1252 319 1313 360 ita
1345 319 1401 361 ad
1432 319 1569 361 bonas

83 389 231 430 literas
263 388 572 442 perdiscendas
604 388 820 442 plerisque
854 388 1167 431 breviusculam
1201 390 1447 444 contigisse,
1474 391 1571 444 ipsa

84 473 224 500 rerum
257 459 529 513 experiencia
569 459 779 501 cerciores
811 459 916 500 facti
949 473 1106 501 sumus.
1152 461 1410 501 Intermissis
1443 461 1572 514 igitur

86 530 459 583 Iurisprudenciae
478 530 660 583 aliisque
683 530 951 583 gravioribus
976 531 1141 583 studiis,
1163 531 1370 572 redeunte
1393 531 1571 585 pristino

84 601 246 654 vigore,
279 601 552 642 humaniores
586 600 950 654 delicacioresque
984 602 1244 655 Pegasidum
1279 609 1319 643 et
1354 602 1569 643 Charitum

84 672 228 713 fontes
262 671 453 713 delibare
488 672 714 713 destinavi.
761 672 939 714 Revolvi
973 674 1197 714 confestim
1239 673 1573 727 Chartophilacii

85 743 171 783 mei
203 742 447 794 schedulas,
481 749 569 783 tum
601 742 781 784 forsitan
827 740 936 796 (Diis
968 744 1028 785 ita
1060 744 1335 789 violentibus)
1382 743 1572 785 Strauro-

88 813 257 855 machia
279 820 426 854 nostra
447 814 490 854 in
511 814 606 868 ipso
627 814 769 855 statim
792 814 924 856 limite
948 815 989 855 in
1014 829 1165 856 manus
1184 814 1344 865 incidit,
1369 815 1573 868 pulvereo

85 884 171 926 situ
204 891 245 925 et
277 884 404 926 blatis
436 885 519 925 iam
552 872 692 939 paene
738 885 937 931 obducta,
985 899 1110 938 quam
1145 886 1272 926 etiam
1305 893 1392 926 tum
1434 885 1575 926 denuo

88 956 335 1009 recognovi,
369 955 543 1009 placuit,
578 956 656 997 sed
685 969 769 997 non
792 956 916 998 aliter
939 970 1064 1009 quam
1091 957 1251 1010 primus
1280 963 1428 1011 partus
1451 969 1574 1010 puer-

86 1040 253 1081 perae.
280 1059 319 1069 ..
365 1027 484 1077 Vale,
529 1027 793 1068 literatorum
827 1028 1044 1081 singulare
1077 1028 1332 1081 profugium,
1373 1033 1575 1079 tuumque

87 1098 321 1139 Taurinum
355 1097 470 1152 apud
501 1097 711 1139 Invictiss.
745 1098 987 1151 Principem
1019 1105 1059 1139 et
1084 1098 1323 1147 Dominum,
1348 1097 1574 1138 Dominum

92 1169 355 1210 Lodovicum
389 1169 497 1222 Ung.
519 1175 560 1210 et
581 1169 783 1210 Boemiae
808 1175 889 1210 etc.
922 1169 1085 1222 Regem
1111 1169 1400 1210 Christianiss.
1427 1167 1576 1209 sedulo

90 1239 403 1282 comendatum.
437 1239 561 1281 habe.
595 1239 705 1280 Alba
736 1240 856 1291 Iulia,
891 1240 946 1281 ad
978 1239 1200 1281 Kalendas
1235 1239 1439 1280 Bifrontis
1471 1239 1576 1289 Iani,

91 1310 216 1352 Anno
251 1310 490 1353 Christiano
523 1311 574 1351 M.
590 1311 642 1353 D.
659 1310 774 1351 XIX.

392 1523 531 1567 From.
566 1524 702 1567 Siculi
740 1524 925 1566 Transit
962 1523 1239 1566 Eoeasthz'eon.
1261 1523 1273 1545 ¹

270 1644 443 1685 Dirruta
474 1643 642 1685 Meonio
676 1650 879 1696 quantum
911 1644 981 1684 vel
1012 1643 1269 1696 Pergamma
1302 1643 1388 1683 vati

330 1715 516 1765 Debent,
548 1715 618 1756 vel
650 1713 811 1768 rapidis
844 1722 993 1755 vectus
1029 1714 1193 1755 Ulisses
1227 1714 1374 1766 aquis,

275 1784 490 1835 Quantum
521 1786 658 1826 Roma
690 1798 766 1826 suo
801 1785 931 1826 debet
962 1784 1126 1825 victura
1157 1784 1335 1835 Maroni,

332 1857 387 1898 Et
418 1856 513 1911 pius
546 1858 732 1907 Aeneas,
767 1856 896 1897 durus
931 1861 972 1897 et
1004 1855 1229 1908 Agricola:

273 1928 459 1969 Taurino
493 1927 653 1969 debent
685 1927 935 1968 tantundem
969 1939 1103 1979 regna
1136 1933 1303 1980 poetae,

336 1998 455 2048 Quae
489 1998 682 2053 gaudent
714 1998 859 2049 titulis,
893 1998 984 2038 Rex
1016 1997 1231 2038 Lodovice
1265 1997 1362 2038 tuis.

97 2198 159 2252 (A
193 2198 519 2241 Stauromachia
551 2199 632 2241 elso'
663 2197 897 2252 kb‘nyvessbdl„
933 2212 965 2238 v.
998 2195 1185 2237 <Sl—98.
1227 2195 1357 2236 Bada
1390 2193 1583 2236 vdrdnak

750 2269 937 2315 Ze'irdsa.)

247 2376 327 2418 Hic
358 2377 430 2418 ubi
461 2376 663 2417 fulnifiois
697 2376 794 2417 olim
827 2375 1074 2417 fornacibus
1106 2374 1249 2414 Ethna

248 2448 384 2501 Ignea
415 2453 519 2498 erat,
553 2460 705 2488 munus
738 2445 1036 2499 recoquendae
1071 2445 1200 2486 calcis
1234 2444 1433 2484 adustum

251 2518 459 2560 Cornibus
486 2519 683 2572 oblongis
706 2518 945 2572 pluviosum
969 2517 1140 2557 clausus
1165 2515 1219 2556 ad
1242 2521 1443 2563 austrum,

250 2590 372 2631 Mons
406 2598 497 2631 erat
531 2596 707 2630 exectus
729 2586 773 2642 (l)
804 2588 994 2641 regalem
1028 2586 1240 2627 substinet
1273 2586 1433 2636 urbem,

251 2660 416 2702 Budam
451 2660 640 2710 Romani,
674 2659 891 2700 fornacem
925 2658 1095 2699 nomine
1128 2656 1350 2710 appellant

253 2731 471 2773 Teutones
505 2731 693 2772 externis
727 2731 971 2784 opulentam
1005 2729 1143 2769 rebus.
1176 2727 1336 2768 Ibidem

203 2882 213 2902 ¹
242 2882 467 2926 Ugyanazon
492 2881 621 2915 kiadas
650 2879 809 2925 elejers'il.
