1955 3278
319 341 386 374 550

317 697 384 729 353)

319 1054 387 1088 :360

317 1412 383 1445 565

315 1769 383 1802 :37ss

317 2126 384 2160 575

315 2486 382 2518 580

437 260 719 314 Suspendens
744 262 953 314 quosdam
976 262 1119 312 furcis,
1155 262 1448 316 quosdamque
1479 264 1686 316 cathenis,

497 331 746 373 Perdomuit
779 332 907 384 duris,
944 346 1117 375 carcere
1152 334 1347 383 sollicito,

438 402 662 443 Nonnullis
697 402 849 444 dentes
882 403 1091 446 violenter
1124 405 1178 446 ab
1213 418 1284 446 ore
1319 412 1509 457 cruento,

496 473 691 514 Extraxit
724 474 875 526 nudos,
911 475 1072 529 forcipe
1107 476 1279 517 difficili.

439 544 603 586 Cedere
637 545 865 587 nonnullos
898 547 1028 599 virgis
1063 547 1314 600 baculisque
1348 548 1540 589 molestis

495 616 627 667 Fecit,
663 623 706 657 et
737 617 915 658 infoelix
950 618 1206 671 exiliumque
1240 619 1343 672 pati.

436 687 598 727 Taliter
630 687 699 729 hic
731 687 893 740 rigidas
928 688 1089 729 studuit
1121 689 1290 731 frenare
1325 690 1522 732 cohortes

496 758 690 799 Subdere
725 768 933 812 perpetuo
967 760 1078 800 colla
1112 760 1298 814 superba
1329 761 1443 814 iugo.

435 829 515 870 Hic
548 830 689 870 fuerat
721 831 922 883 princeps
955 831 1090 884 regni,
1124 831 1336 884 roburque
1370 846 1573 886 perenne,

494 901 742 954 Profugium
776 902 912 953 iustis,
947 902 1248 955 perniciesque
1282 903 1416 944 malis.

434 972 557 1013 Hunc
590 973 738 1013 hostes
772 973 945 1013 tandem
981 973 1100 1014 saevi
1136 987 1422 1027 proceresque
1456 975 1677 1028 timebant,

497 1044 636 1096 Atque
670 1043 933 1093 sacerdotes,
968 1045 1315 1097 magnanimique
1349 1045 1495 1087 duces.

435 1115 491 1157 Ut
523 1114 672 1156 famuli
704 1116 898 1168 pavitant
932 1115 1161 1163 dominum,
1193 1116 1399 1169 puerique
1423 1117 1668 1171 magistrum

496 1187 581 1228 Seu
615 1187 735 1227 timet
769 1201 793 1227 a
825 1187 988 1241 rapidis
1021 1187 1206 1229 molliter
1238 1201 1352 1241 agna
1384 1188 1506 1242 lupis.

434 1259 612 1300 Talibus
646 1259 715 1300 hic
748 1258 874 1300 factis
908 1259 1025 1300 auxit
1057 1258 1333 1300 memorabile
1366 1273 1535 1311 nomen7

492 1330 705 1371 illustrem
738 1330 910 1381 famam,
944 1338 1284 1384 perpetuumque
1319 1330 1464 1372 decus.

435 1402 646 1455 Principis
679 1402 887 1443 infractas
921 1403 1014 1454 quis
1048 1409 1195 1456 posset
1230 1402 1372 1443 dicere
1405 1401 1554 1443 vires?

496 1472 600 1522 Quis
635 1481 782 1527 posset
814 1474 966 1514 laudes
1001 1487 1332 1515 commemorare
1366 1486 1466 1514 suas
1481 1472 1502 1513 ἱ)

434 1544 630 1586 Herculis
664 1552 709 1586 ut
741 1545 853 1586 vires
888 1545 1141 1586 domuerunt
1175 1545 1315 1586 omnia
1348 1553 1550 1595 monstra,

492 1616 588 1657 Non
622 1617 769 1658 hostes
804 1618 928 1658 aliter
961 1616 1152 1658 contudit
1184 1617 1265 1657 iste
1300 1616 1428 1657 feros.

433 1688 555 1729 Hunc
589 1688 624 1729 si
657 1688 851 1730 Meonius
885 1699 1008 1730 vates
1041 1689 1232 1730 novisset
1266 1695 1428 1742 aperte,

495 1759 751 1814 Scripsisset
784 1761 970 1801 numeris
1005 1760 1175 1813 singula
1208 1767 1333 1813 gesta
1366 1759 1467 1800 suis.

435 1831 480 1873 Si
512 1840 662 1886 posset
693 1832 924 1886 lachrymis
957 1833 1109 1873 iterum
1144 1845 1222 1872 sua
1254 1832 1341 1872 vita
1374 1831 1542 1881 reverti,

492 1903 614 1945 Nunc
649 1905 834 1955 (merito)
868 1905 1097 1958 lachrymis
1132 1903 1273 1944 onmia
1306 1903 1435 1957 plena
1468 1902 1621 1943 forent.

433 1974 610 2016 Publica
643 1975 841 2016 turbatae
876 1989 973 2016 nam
1007 1976 1151 2029 pulsat
1183 1975 1325 2028 gentis
1359 1980 1548 2027 egestaS‚

494 2045 614 2095 Quae
649 2047 852 2100 premitur
885 2047 1086 2100 gravibus
1120 2059 1231 2087 nunc
1261 2045 1449 2086 violenta
1481 2043 1617 2084 malis.

435 2117 476 2158 Is
508 2124 657 2171 posset
689 2132 868 2171 regnum
902 2118 1027 2159 modo
1061 2118 1285 2158 maiestate
1319 2115 1485 2170 potenti

492 2189 661 2230 Viribus
695 2189 737 2229 in
770 2189 957 2243 priscum
990 2203 1102 2231 1111110
1135 2201 1336 2242 reparare
1371 2186 1518 2228 decus.

432 2261 481 2302 Id
514 2261 615 2301 mihi
648 2261 702 2302 sit
736 2261 907 2304 dictum.
943 2275 995 2301 110
1030 2260 1235 2302 scandam
1270 2259 1441 2309 celsius,
1477 2264 1519 2298 et
1550 2270 1603 2298 ne

491 2333 616 2373 Nunc
648 2332 796 2374 videar
828 2333 985 2373 famam
1020 2331 1268 2373 diminuisse
1304 2343 1438 2371 suam.

433 2403 693 2445 Praesertim
716 2417 915 2444 numeros
940 2417 1066 2456 quum
1088 2402 1205 2444 dicar
1224 2402 1422 2454 inceptus
1443 2399 1499 2440 ad
1519 2411 1681 2450 omnes,

492 2474 583 2516 Nec
617 2475 719 2516 mihi
751 2488 863 2516 1111110
896 2482 1060 2516 moesto
1094 2474 1221 2515 docta
1254 2472 1409 2513 Thalia
1442 2471 1569 2512 favet.

436 2545 507 2588 Sic
540 2547 667 2587 armis
700 2547 850 2600 proavi
882 2546 1054 2600 pariter,
1088 2545 1301 2597 bellisque
1336 2542 1533 2597 superbis

492 2617 719 2658 Pellebant
752 2617 896 2667 vestri⁷
932 2616 1070 2657 tristia
1102 2615 1218 2657 bella
1250 2615 1409 2669 procul.

436 2688 506 2730 Sic
539 2689 695 2730 mansit
728 2702 880 2743 sospes
913 2701 1091 2742 regnum
1126 2700 1220 2728 cum
1255 2686 1419 2740 sospita
1451 2692 1589 2725 turma

494 2758 564 2801 Sic
597 2760 735 2801 timuit
768 2761 932 2813 priscos
966 2771 1073 2811 gens
1106 2759 1279 2799 inimica
1311 2764 1469 2812 patres.

1677 1153 1686 1171 7
