1919 3273
336 133 404 168 342

335 500 403 534 600

335 856 402 889 605

332 1213 400 1247 610

330 1572 397 1605 615

331 1929 399 1962 620

332 2641 401 2674 630

484 277 817 331 Composuitque
851 278 987 318 minas
1020 278 1137 319 vultu
1172 277 1398 331 subitoque
1433 278 1637 332 repressit

484 348 629 389 Militis
663 349 865 390 ardentes
899 355 1051 400 motus,
1087 349 1338 402 animosque
1371 349 1564 391 furentes

484 419 705 461 Convocat
738 419 807 461 hic
840 420 957 461 acies
991 420 1121 462 misso
1155 420 1341 461 clamore
1374 427 1553 473 repente

483 491 675 542 Dulcius,
711 497 892 545 aspectu
924 498 1131 545 gratoque
1166 491 1338 532 silentia
1371 491 1518 532 dextra

480 561 609 603 Iussit
642 568 683 603 et
717 561 873 603 affatur
904 575 1105 617 proceres
1139 568 1342 615 quantum
1376 562 1528 603 arserit
1561 562 1635 604 ira.

483 633 642 674 Ibimus
677 633 804 675 electi
837 641 985 675 contra
1017 640 1079 675 tot
1112 634 1228 674 milia
1261 633 1403 687 gentis

481 704 593 746 Urbs
625 705 698 747 ubi
729 705 889 758 regalis
925 717 1005 758 quc
1039 705 1136 746 latis
1169 705 1370 759 panditur
1403 705 1515 747 arvis

480 776 605 824 Alba,
641 776 794 818 ducum
816 776 1002 829 requies,
1035 777 1110 817 illa
1133 782 1199 817 est
1222 789 1303 828 que
1324 790 1461 830 regna
1484 776 1694 818 ministrat

483 847 674 900 Regibus
709 854 751 888 et
782 847 910 888 finem
944 847 1073 889 tradit
1106 847 1392 902 pulcherrima
1424 860 1579 901 pugne.

479 918 602 960 Hanc
634 919 782 960 urbem
816 920 922 960 socii
955 919 1118 973 prefixa
1150 925 1292 960 mente
1325 926 1524 973 petamus

482 989 576 1039 Que
600 990 723 1031 vobis
746 996 1050 1044 sceptrumque
1073 990 1177 1032 mihi
1199 990 1283 1031 iam
1307 990 1493 1044 spondet
1515 991 1711 1033 amicum.

480 1061 711 1103 Decretum
745 1068 812 1103 est
845 1062 1011 1115 equites
1045 1075 1140 1103 cum
1174 1061 1362 1103 Caesare
1396 1061 1513 1103 bella
1533 1075 1702 1104 movere

479 1132 717 1184 Horrenda,
752 1140 880 1186 atque
915 1134 1055 1188 ipsum
1089 1140 1234 1174 nostro
1270 1133 1489 1187 depellere
1522 1146 1657 1187 regno

480 1204 575 1245 Iure
608 1210 754 1246 manet
785 1205 924 1256 nobis7
958 1205 1188 1258 fungamur
1220 1205 1380 1246 viribus
1415 1218 1500 1245 oro.

479 1276 699 1317 Pannonis
733 1289 808 1317 ora
840 1277 939 1317 mihi
975 1276 1118 1328 debet,
1153 1282 1409 1329 nostrosque
1442 1277 1605 1330 recepit

482 1346 645 1400 Sponte
681 1361 759 1389 sua
792 1348 951 1399 titulos,
986 1348 1070 1389 iam
1104 1361 1182 1388 nos
1214 1348 1257 1388 in
1290 1353 1406 1389 tecta
1438 1347 1607 1388 vocavit

477 1418 530 1460 Et
562 1420 735 1473 propria
766 1433 949 1474 regnare
984 1419 1109 1460 domo
1144 1419 1359 1461 concessit
1392 1419 1540 1460 amica.

477 1490 568 1531 Hec
598 1497 827 1544 postquam
850 1491 966 1532 fatus
988 1491 1141 1532 fortem
1162 1491 1254 1531 Rex
1276 1504 1459 1544 magnus
1479 1491 1522 1531 in
1545 1490 1690 1532 orbem

479 1561 614 1603 Vertit
636 1576 761 1615 equm
784 1563 828 1616 (l)
850 1563 1005 1614 subito⁷
1030 1563 1223 1615 sequitur
1246 1576 1371 1616 quem
1392 1568 1482 1603 tot-a
1505 1568 1679 1604 caterva

476 1634 725 1685 Ductor-um,
760 1648 864 1687 gyro
899 1635 1072 1688 sonipes
1108 1635 1175 1676 cui
1207 1634 1391 1676 flectitur
1424 1634 1509 1675 alto

477 1705 524 1745 In
559 1718 756 1759 campum
788 1706 896 1747 levis
929 1713 977 1746 ut
1009 1712 1123 1747 totas
1157 1711 1352 1760 captaret
1385 1705 1593 1747 habenas.

477 1777 597 1818 Tunc
632 1776 880 1831 Stephanus
913 1777 1055 1818 valido
1091 1777 1295 1819 contorsit
1327 1777 1479 1818 robore
1512 1777 1643 1818 telum

478 1848 668 1888 Aethera
702 1861 974 1902 suspensum,
1009 1861 1240 1902 percussus
1273 1847 1451 1888 fulmine
1484 1848 1645 1889 Martis.

479 1919 527 1959 ln
560 1919 702 1961 medio
737 1926 834 1960 cetu
866 1919 1069 1974 princeps
1103 1920 1319 1973 spetiosus
1350 1919 1393 1960 in
1426 1919 1554 1960 armis

481 1991 575 2031 Ibat
609 1997 651 2031 et
683 1991 921 2044 armigeros
953 1991 995 2031 in
1030 1997 1208 2032 cunctos
1241 2004 1313 2032 ore
1346 1990 1583 2045 premebat.

483 2061 658 2111 Qualis:
693 2063 965 2115 Agenoreum
988 2063 1166 2116 pulcher
1189 2076 1282 2103 cum
1305 2062 1504 2103 tenderet
1526 2061 1691 2102 Archas

481 2133 546 2174 Ad
562 2134 732 2184 bellum,
744 2134 922 2175 infoelix
938 2147 1094 2187 agmen
1110 2140 1388 2187 superaverat
1402 2130 1609 2186 ignens(!)
1625 2133 1821 2186 :ingens

480 2205 809 2259 Parthenopeus
844 2218 990 2258 eques7
1025 2205 1136 2246 facie
1169 2218 1351 2257 raroque
1386 2204 1552 2245 decore.

483 2276 601 2318 Sicut
635 2283 675 2317 et
709 2276 763 2317 ad
797 2276 973 2317 Thebas
1007 2276 1182 2317 exibant
1215 2275 1362 2316 ordine
1395 2288 1522 2328 reges

478 2348 648 2389 Inmixti
682 2348 911 2402 splendore
947 2361 1036 2398 suo,
1071 2361 1153 2400 quo
1186 2354 1361 2401 pectore
1395 2354 1549 2400 gentes

479 2419 633 2460 Nobile
668 2433 750 2472 quo
784 2421 916 2472 vultu⁷
950 2420 1182 2461 vincebant
1215 2419 1389 2472 agmina
1421 2425 1602 2472 septem.

481 2489 629 2539 Qualis
664 2497 706 2532 et
739 2491 885 2544 effigie
920 2491 1117 2532 calcabat
1152 2490 1276 2531 dulce
1310 2490 1488 2530 Latinos

479 2561 555 2602 llle
589 2575 725 2615 nepos
759 2562 953 2613 Veneris,
988 2562 1150 2603 fulvum
1186 2561 1454 2602 descendere
1489 2560 1597 2601 colle

483 2631 586 2673 Cum
620 2634 751 2674 vellet
783 2633 935 2674 iaculis
968 2638 1141 2686 urgeret
1175 2639 1216 2673 et
1250 2645 1353 2673 ense
1386 2633 1568 2673 leonem.

480 2703 574 2744 Non
609 2717 735 2746 secus
769 2704 945 2757 egregio
980 2705 1096 2745 cultu
1128 2703 1305 2744 tenebat
1338 2703 1393 2744 ad
1427 2702 1579 2743 Albam

481 2773 702 2827 Regalem‚
737 2776 938 2817 comitum
971 2775 1107 2816 turbis
1142 2775 1397 2816 coeuntibus
1430 2773 1576 2814 urbem

482 2845 772 2898 Vuladislaus‚
807 2847 942 2887 honor
974 2846 1121 2887 Martis
1155 2845 1459 2887 celeberrimus
1494 2844 1578 2885 alti.

482 2916 519 2956 U
523 2923 537 2956 t
560 2924 732 2958 ventum
757 2924 835 2969 est,
860 2917 1047 2958 habilem
1072 2917 1212 2958 subito
1233 2917 1401 2958 fervore
1426 2916 1504 2956 sub
1529 2927 1690 2967 aequor
