1955 3278
352 148 417 181 128

347 346 635 383 Declamatio
662 346 901 383 Valentini
929 346 1121 393 Cybelei
1147 347 1202 383 de
1222 347 1321 383 vini
1344 347 1388 382 et
1415 357 1561 394 aquae
1583 348 1832 394 potoribus,

347 413 501 448 utrum
525 411 571 448 hi
602 412 677 448 vel
703 412 774 448 illi
792 411 1122 448 laudabiliores
1150 412 1254 447 sint.
1283 411 1374 448 Ubi
1400 412 1626 448 nonnulla
1645 413 1700 450 de
1722 414 1830 449 vino

349 479 395 513 et
422 487 553 524 aqua,
589 477 806 524 quatinus
834 478 1027 524 utraque
1055 477 1307 513 secundum
1340 487 1446 513 suos
1479 477 1645 524 gradus
1670 478 1748 515 vel
1775 479 1834 515 ad

347 543 534 578 laudem
560 543 637 579 vel
654 542 940 589 vituperium
963 542 1162 579 tendant
1179 543 1460 584 inseruntur,
1490 543 1548 579 ad
1574 543 1656 579 Dn.
1676 543 1832 579 Ladis-

569 608 697 645 laum
723 607 1050 644 Macedonium
1080 608 1266 644 Archid.
1297 610 1342 644 et
1369 607 1609 644 amicum.¹

467 718 564 759 Scio
587 719 876 759 amantissime
901 718 1081 759 Domine
1109 718 1325 763 Ladislae.
1357 718 1471 770 quod
1499 731 1623 759 omne
1657 718 1832 772 promis-

348 804 438 831 sum
463 790 541 831 sub
575 789 762 831 debitum
794 789 949 830 cadere
979 788 1161 840 videtur,
1199 789 1269 830 ubi
1293 790 1543 842 praesertim
1577 790 1834 843 promissum

347 874 431 902 non
464 862 735 902 observatum
771 861 955 901 honesta
986 861 1149 901 ratione
1183 860 1315 901 velari
1348 873 1432 901 11011
1466 867 1621 914 potest.
1662 860 1832 901 Memini

347 945 442 973 cum
460 946 595 986 nuper
612 931 1008 984 Quinqueecclesiis
1026 931 1068 971 in
1093 930 1216 972 domo
1237 931 1473 972 Reverend.
1496 931 1580 973 dni.
1609 931 1832 973 Michaelis

347 1003 736 1054 DoctorisNicarii,
753 1002 863 1043 inter
878 1002 1146 1043 coenandum
1164 1002 1376 1054 quaedam
1391 1003 1501 1043 inter
1520 1015 1597 1044 1103
1617 1002 1831 1056 discepta-

349 1075 570 1116 ciunculae
604 1079 899 1121 tractarentur,
933 1079 974 1114 61
1003 1073 1113 1114 111161·
1142 1080 1339 1114 caeteras
1362 1074 1520 1114 mentio
1542 1073 1663 1114 fieret
1684 1073 1736 1114 de
1760 1086 1834 1114 na-

133 1152 336 1183 Aeeentuum
351 1152 445 1187 tura
478 1153 519 1187 61
552 1145 853 1186 observatione
882 1151 1149 1193 accentuum„
1174 1145 1265 1185 sine
1299 1144 1451 1197 quibus
1474 1145 1534 1185 ita
1556 1144 1673 1185 nulla
1706 1144 1834 1186 dictio

179 1208 303 1236 natura.
347 1223 488 1272 potest
533 1229 644 1267 esse,
691 1216 798 1257 sicut
832 1216 947 1256 nulla
979 1228 1061 1256 vox
1095 1217 1185 1256 sine
1231 1216 1382 1267 vocali,
1419 1229 1499 1257 nec
1538 1223 1682 1257 tamen
1729 1216 1834 1257 satis

347 1289 695 1342 intelligeremus,
719 1286 929 1339 quomodo
956 1286 1082 1327 iidem
1112 1287 1231 1340 ipsas
1265 1287 1475 1328 dictiones
1498 1287 1833 1339 moderarentur,

348 1360 448 1401 licet
489 1358 701 1412 quaedam
747 1358 1009 1411 exemplaria
1054 1372 1157 1412 prae
1197 1358 1393 1399 manibus
1440 1358 1710 1409 haberemus,
1757 1359 1835 1400 sed

349 1431 562 1472 Gordiano
597 1429 721 1471 modo
749 1429 912 1470 similia.
947 1429 1000 1469 Et
1033 1428 1210 1482 perinde
1244 1429 1458 1483 pollicitus
1492 1443 1632 1471 essem
1665 1430 1741 1472 tibi
1766 1444 1833 1471 me

350 1503 572 1543 missurum
605 1501 777 1542 facilem
801 1500 985 1551 modum,
1011 1500 1222 1552 quomodo
1257 1508 1298 1541 et
1332 1501 1551 1542 observari
1581 1508 1621 1543 et
1654 1501 1835 1555 intelligi

349 1580 525 1628 possent
559 1580 600 1614 61
635 1578 736 1625 quot
770 1579 918 1613 essent
953 1572 996 1612 111
1032 1571 1221 1623 qualibet
1256 1571 1440 1613 dictione
1476 1572 1677 1627 ponendi,
1710 1581 1836 1627 prout

348 1645 441 1699 ipse
495 1645 546 1685 ab
599 1644 707 1685 Aldo
761 1643 1040 1697 accepissem.
1110 1642 1252 1692 Quare
1306 1643 1527 1696 promissis
1581 1644 1834 1686 satisfacere

350 1716 525 1770 cupiens
559 1716 713 1768 collegi
747 1715 815 1755 hic
846 1714 1070 1767 quaedam,
1106 1714 1158 1755 de
1196 1715 1271 1765 eis,
1305 1722 1350 1755 ut
1384 1715 1584 1767 sequitur.
1618 1715 1848 1756 Accentus·

350 1801 447 1828 esse
493 1786 640 1828 decem
685 1800 874 1837 numero,
920 1786 1120 1827 videlicet
1174 1792 1362 1837 acutum,
1417 1799 1604 1839 gravem,
1658 1785 1833 1827 circum-

349 1858 516 1900 flexum.

469 1929 706 1979 Caeterum⁷
741 1928 797 1970 dii
820 1929 935 1979 boni,
970 1941 1070 1969 ecce
1101 1928 1281 1969 occurrit
1303 1928 1405 1968 mihi
1433 1928 1625 1980 quaestio
1659 1942 1684 1968 a
1717 1933 1758 1969 te
1791 1927 1834 1968 in

349 2001 554 2055 principio
599 2000 820 2055 proposita
865 2000 918 2041 de
952 2012 1090 2052 aquae
1137 1999 1296 2040 etvini
1339 1999 1574 2052 potoribus,
1619 2006 1758 2040 utrum
1791 1999 1834 2039 hi

470 2164 479 2184 ¹
509 2164 689 2209 Cybeleus
717 2164 1006 2199 Valentinusnak
1033 2174 1051 2197 6
1080 2162 1353 2207 declamatiojat
1378 2152 1474 2197 Abel
1501 2174 1521 2196 a
1549 2163 1730 2207 hagenaui
1750 2163 1833 2197 aka—

349 2224 481 2260 demiai
507 2224 685 2268 kbnyvtar
710 2222 958 2268 peldanyabol
985 2223 1139 2257 masolta
1165 2223 1199 2256 16
1227 2232 1246 2255 3
1272 2223 1454 2256 tartalmat
1477 2222 1576 2267 jelzo'
1604 2221 1834 2268 szeljegyze·

347 2285 473 2319 tekkel
501 2286 636 2329 egyiitt.
664 2273 759 2317 Abel
787 2282 964 2317 keziratat
991 2293 1033 2316 az
1062 2281 1098 2315 F
1121 2283 1155 2315 iv
1182 2282 1259 2315 613ἑί
1285 2282 1409 2326 lap-jan
1436 2292 1508 2326 egy
1534 2282 1612 2316 11133
1633 2281 1701 2316 kez
1720 2282 1833 2326 valtja

349 2345 410 2383 fel,
431 2355 450 2378 a
470 2344 562 2388 mely
582 2354 601 2377 a
621 2342 937 2388 szeljegyzeteket
957 2342 1140 2386 elhagyja.
1162 2342 1215 2375 En
1235 2352 1254 2374 a
1272 2341 1468 2375 masolatot
1485 2342 1593 2375 hiven
1611 2341 1767 2379 kozlo'm,
1788 2341 1832 2376 de

349 2405 614 2449 megjegyzcni,
640 2404 741 2447 hogy
767 2414 787 2436 a
813 2402 978 2437 Nemzeti
1004 2402 1170 2436 Muzeum
1198 2388 1253 2451 1²²}
1277 2401 1401 2434 szamu
1427 2400 1832 2445 (isnyomtatvanyabau

349 2474 422 2508 egy
450 2461 681 2507 ajanlo-level
707 2462 826 2496 vezeti
853 2463 898 2496 be
926 2472 945 2496 e
973 2460 1218 2497 declamatiot.
1246 2461 1382 2504 melyet
1411 2471 1431 2494 3
1449 2460 1576 2494 szerzo'
1595 2461 1657 2505 igy
1678 2460 1830 2494 czimez:

353 2523 573 2565 „Reverend
591 2522 738 2556 domino
758 2522 824 2555 Dn.
845 2521 1004 2565 Georgio
1024 2521 1200 2564 episcopo
1220 2519 1579 2563 Quinqueecclesien.
1609 2518 1833 2554 Cancellario

350 2582 478 2626 Regio,
505 2581 715 2615 Valentinus
744 2579 940 2626 Cybeleius
980 2580 1185 2614 Canonicus
1212 2579 1398 2613 Ecclesiae
1425 2579 1555 2613 Alben.
1596 2578 1652 2612 sui
1677 2578 1833 2612 humilli-

350 2652 445 2675 mum
473 2640 866 2675 Commendationem“.
893 2640 942 2674 ΕΖ
971 2638 1203 2684 ajanlo-leve'l
1223 2639 1448 2673 keletkezett
1475 2636 1833 2673 Szekesfehervaron

351 2701 441 2734 1517
466 2700 593 2745 januar
619 2699 735 2734 12-en.
764 2701 891 2734 Ebben
917 2698 1215 2743 mentegetodzik
1241 2709 1261 2732 3
1286 2698 1393 2742 tin-gy
1419 2698 1584 2732 kisszerii
1610 2696 1766 2732 voltaert
1792 2697 1832 2733 63

350 2759 534 2793 kilatasba
559 2759 710 2803 hfflyezi,
737 2759 837 2803 hogy
864 2770 883 2793 e
904 2757 1055 2802 csekely
1082 2757 1215 2791 munka
1242 2758 1328 2791 utan
1355 2757 1566 2801 nagyobbal
1584 2757 1614 2792 is
1632 2757 1698 2801 fog
1715 2757 1831 2791 hozza

348 2818 518 2852 fordulni.
546 2818 591 2852 Ez
613 2829 654 2852 az
676 2817 866 2853 ertekezes
893 2829 934 2852 az
956 2817 1399 2861 Ap1)0nyi-k‹']‘11yvta1·ban
1419 2816 1450 2849 is
1468 2826 1634 2860 megvan.
1663 2816 1713 2859 (L.
1732 2816 1831 2850 Hun-

351 2878 484 2921 garica.
512 2877 658 2922 Magyar
683 2877 936 2912 vonatkozassi
965 2876 1120 2911 kiilffildi
1147 2876 1470 2920 nyomtatvanyok.
1498 2875 1699 2920 Budapest.
1730 2876 1831 2910 1900.

350 2936 375 2970 Ι.
405 2937 459 2970 90.
488 2937 509 2970 l.
538 2937 611 2971 118.
641 2947 691 2971 SZ.
719 2937 807 2970 alatt
833 2937 969 2978 leirva.)
