1898 3278
1544 147 1588 179 41

106 290 521 344 trugalissimusque,
568 289 761 331 doctrina
793 302 892 330 vero
925 294 1045 329 tanta
1088 289 1360 342 peculiariter
1399 288 1589 339 excellis,

108 368 153 402 ut
184 374 268 402 non
312 361 450 401 minus
483 360 542 401 sis
576 359 812 401 eruditione
858 372 981 411 quam
1028 359 1402 413 archiepiscopatu
1435 372 1588 401 memo-

107 432 266 473 randus
292 465 298 472 .
325 465 333 473 .
358 465 367 473 .
403 430 522 480 Quae
555 444 656 472 vero
689 430 743 471 ad
766 437 882 471 tuum
903 430 1188 471 sacerdotium
1210 430 1423 484 pertinent
1447 429 1591 472 divina

107 502 308 552 misteria,
356 515 407 543 ea
451 508 537 542 tam
582 501 823 554 diligenter,
869 506 955 541 tam
1000 507 1161 552 sancte,
1214 507 1299 541 tam
1345 500 1593 541 solemniter

107 573 390 625 celebrantur,
437 578 482 613 ut
515 572 655 613 omnia
686 572 729 612 in
762 571 828 611 his
860 571 1043 612 maxime
1089 576 1210 612 casta
1243 572 1463 623 solemnia,
1496 571 1590 612 reli-

106 644 229 697 giosa
274 644 369 694 sint,
416 649 461 683 ut
505 642 754 683 sacerdotes
800 642 872 682 alii
917 656 970 682 ex
1012 642 1218 682 institutis
1256 642 1338 682 tuis
1371 642 1590 695 religionis

106 714 314 756 colendae
357 714 583 756 formulam
615 718 871 755 mutuentur.
920 712 986 754 Ad
1018 713 1127 754 haec
1165 725 1258 754 cum
1303 713 1589 766 hospitalitas,

106 799 216 838 quae
248 785 471 839 principua
513 785 647 827 virtus
680 790 759 836 est,
794 784 1042 838 episcopum
1088 797 1182 826 cum
1220 784 1365 837 primis
1400 792 1591 835 exornet,

106 856 256 898 domus
287 862 361 897 tua
393 862 512 910 patet
543 855 792 906 illustribus,
837 854 1152 907 humilibusque
1196 851 1589 903 indiscriminatim;

104 940 319 981 pauperes
352 927 407 968 ad
439 933 481 968 te
513 926 691 981 perinde
725 926 839 968 acin
861 926 1011 967 asilum
1047 926 1196 966 salutis
1219 925 1482 979 confugiunt,
1507 926 1590 966 tuis

105 997 426 1052 erogationibus
460 1003 785 1038 sustentantur.
812 1030 850 1038 ..
884 996 1099 1046 Quantum
1131 1010 1232 1038 vero
1256 996 1360 1037 illud
1394 1002 1471 1047 est,
1507 1010 1591 1048 quo

104 1069 348 1123 praeconio,
395 1082 479 1121 qua
510 1067 637 1109 laude
671 1066 1028 1109 memorandum?
1073 1067 1186 1120 quod
1218 1067 1420 1108 militibus
1459 1067 1590 1120 regiis

105 1154 317 1181 annonam
350 1139 628 1187 omnifariam,
664 1140 848 1190 calceos,
882 1139 1008 1192 pilea,
1044 1140 1301 1179 vestimenta
1338 1139 1457 1192 large
1492 1152 1591 1193 sup-

105 1211 288 1265 peditaS,
324 1211 394 1263 qui
427 1200 612 1264 oppositi
646 1216 743 1251 sunt
775 1210 906 1251 veluti
939 1210 1085 1250 obices
1118 1209 1269 1250 Turcis
1292 1209 1589 1262 cohercendis,

106 1288 147 1324 et
180 1295 284 1323 sane
319 1281 444 1323 decet
466 1281 715 1335 episcopum
749 1280 1029 1322 orthodoxum
1051 1280 1154 1321 nulli
1173 1281 1388 1334 impendio
1412 1294 1590 1334 parcere

104 1353 160 1394 ad
214 1352 479 1394 cohibendos
532 1352 680 1393 hostes
726 1352 986 1393 christianae
1031 1351 1131 1392 fidei
1176 1352 1473 1405 sempiternos,
1520 1352 1590 1404 qui

105 1424 326 1477 sanguinis
378 1424 512 1464 nostri
565 1423 773 1474 sitientes,
827 1423 1131 1475 christianique
1183 1423 1363 1463 nominis
1417 1423 1591 1464 delendi

104 1495 337 1549 cupiditate
370 1494 603 1547 flagrantes
636 1494 800 1535 faciunt
832 1494 1100 1536 continenter
1131 1495 1174 1535 in
1206 1494 1453 1547 regionibus
1487 1508 1590 1548 pan-

104 1565 269 1607 nonicis
321 1565 600 1615 incursiones,
653 1565 934 1617 omnibusque
985 1565 1150 1606 vicibus
1197 1578 1445 1618 expugnare
1491 1579 1589 1607 con-

103 1636 285 1677 tendunt
317 1636 685 1690 propugnaculum
717 1636 759 1676 in
788 1636 970 1677 confinio
994 1636 1216 1677 Pannonia
1248 1636 1588 1688 munitissimum,

105 1707 172 1749 cui
203 1707 419 1760 Belgrado
452 1719 620 1748 nomen.
654 1706 809 1747 Verum
842 1706 929 1747 illic
951 1706 1210 1760 praesidium
1244 1706 1407 1759 regium
1430 1707 1472 1746 in
1496 1720 1591 1761 pro-

104 1779 245 1820 cinctu
265 1777 512 1831 expeditum
534 1791 706 1831 semper
721 1784 787 1818 est
806 1777 861 1818 ad
879 1777 1044 1818 illorum
1059 1778 1263 1831 impetum
1279 1777 1594 1819 retundendum

104 1855 146 1890 et
178 1848 380 1890 ferociam
405 1848 740 1889 suffrenandam.
775 1849 829 1889 Hi
852 1855 994 1889 autem
1018 1848 1250 1889 bellatores
1279 1849 1485 1890 limitanei
1508 1849 1591 1890 tuis

102 1919 388 1962 incitamentis
422 1924 674 1971 excitantur,
708 1925 782 1960 tua
804 1920 1004 1972 largitate
1026 1919 1133 1959 fiunt
1152 1920 1194 1960 in
1225 1933 1343 1960 arma
1366 1921 1591 1974 promptis-

104 1991 210 2042 simi,
243 1997 285 2032 te
309 1990 620 2044 opitulatorem,
644 1996 686 2031 te
707 1996 930 2044 parentem
958 2003 1146 2031 consono
1168 2004 1240 2031 ore
1265 1992 1589 2045 appellitantes3

103 2062 161 2113 fit,
194 2068 240 2102 ut
271 2067 312 2102 te
348 2075 432 2102 non
477 2061 614 2102 minus
660 2061 816 2102 auxilio
848 2062 1094 2115 pollentem,
1141 2074 1266 2113 quam
1308 2062 1485 2102 consilio
1519 2076 1590 2103 ex-

103 2133 333 2186 periantur.
369 2132 473 2173 Cum
496 2138 637 2173 autem
662 2145 851 2173 summus
872 2132 1008 2173 honos
1033 2133 1100 2184 sit,
1122 2140 1263 2174 notum
1289 2146 1386 2174 esse
1410 2139 1590 2173 tantum-

103 2203 228 2244 modo
261 2203 536 2257 amplissimis
569 2204 847 2257 principibus,
882 2210 927 2243 tu
951 2203 1065 2257 apud
1088 2204 1319 2245 maximum
1340 2204 1589 2245 Pontificem

104 2274 393 2315 Alexandrum
427 2288 474 2316 es
496 2275 791 2328 impetrabilis,
813 2281 857 2315 tu
880 2275 1064 2316 maximo
1084 2288 1233 2328 regum
1256 2276 1347 2328 regi
1370 2275 1590 2326 Matthiae,

104 2345 222 2386 cuius
255 2345 408 2386 laudes
441 2346 558 2386 nulla
590 2352 712 2387 aetas
747 2346 1021 2397 conticescet,
1057 2346 1127 2398 qui
1159 2346 1404 2387 Alexandro
1431 2360 1590 2399 magno

103 2417 282 2463 caesari,
328 2416 524 2458 dictatori
568 2416 798 2457 Hannibali
842 2417 987 2458 Poeno
1020 2418 1175 2458 virtute
1219 2418 1492 2471 imperatoria
1526 2423 1592 2458 est

104 2487 431 2541 comparandus,
465 2494 549 2528 tam
585 2501 722 2539 carus,
757 2493 842 2528 tam
876 2488 1086 2529 iucundus
1120 2488 1217 2529 olim
1251 2488 1381 2539 fuisti,
1406 2494 1450 2528 ut
1475 2488 1590 2542 apud

104 2558 333 2598 maximum
348 2572 495 2611 regum
511 2558 756 2599 honoratior
770 2556 916 2610 fueris,
927 2572 1052 2611 quam
1068 2558 1183 2612 apud
1195 2559 1438 2612 Scipionem
1453 2560 1590 2599 Pane-

102 2628 200 2679 tius,
216 2629 331 2682 apud
346 2629 634 2670 Alexandrum
645 2629 895 2670 Aristander
909 2628 1188 2683 (bizonyosan
1201 2628 1490 2683 Aristoteles),
1510 2643 1590 2671 nec

102 2699 324 2750 immerito,
347 2699 419 2740 ille
444 2700 554 2740 enim
578 2701 786 2740 maximas
807 2700 1124 2753 complusculas
1144 2707 1214 2741 tuo
1234 2701 1425 2752 consilio,
1445 2707 1588 2742 aucto—

102 2769 242 2821 ritate,
275 2770 517 2823 prudentia,
552 2771 736 2823 gloriose
770 2770 1028 2812 confecerat.
1065 2770 1351 2820 Quamobrem
1380 2771 1586 2816 maximis,

104 2839 212 2881 sicut
245 2854 323 2894 par
357 2848 462 2892 erat,
509 2842 769 2881 ornamentis
804 2848 845 2882 te
889 2841 1069 2892 ornavit,
1112 2850 1153 2881 et
1192 2842 1590 2895 archiepiscopatus

104 2911 227 2963 apice
245 2911 516 2952 meritissimo
537 2911 853 2962 condecoravit,
873 2925 997 2964 quem
1016 2917 1059 2952 tu
1075 2918 1219 2953 tamen
1239 2920 1337 2953 ante
1357 2925 1588 2963 merueras,
