1955 3278
327 144 393 176 17⁸2

326 292 472 338 tatem,
520 299 645 338 quem
690 286 892 327 videlicet
940 286 1051 327 oculi
1086 286 1300 328 hominum
1342 292 1470 339 atque
1505 300 1631 328 aures
1665 301 1815 340 seque-

327 364 484 399 rentur.
522 356 645 406 Quod
680 357 750 410 qui
783 357 967 398 bibatior
997 357 1049 398 sit
1084 364 1224 398 mente
1258 370 1343 398 non
1366 358 1585 410 consistat,
1621 358 1701 400 sibi
1734 359 1816 412 ipsi

328 428 512 475 excidat,
547 429 681 469 oculis
715 429 886 481 caliget,
921 442 1001 470 nec
1033 442 1160 469 manu
1193 442 1272 469 nec
1297 429 1430 471 oculis
1463 429 1596 483 probe
1630 429 1815 470 officium

327 513 449 540 31111111
495 506 718 553 praestare
764 500 926 541 valens.
984 499 1069 541 Sed
1116 514 1218 541 ecce
1259 500 1362 541 illud
1408 500 1491 540 iam
1530 500 1620 541 fere
1660 500 1816 542 oblitus

326 584 457 622 eram,
505 570 618 623 quod
664 584 800 625 nuper
844 571 945 611 mihi
978 572 1089 612 inter
1133 572 1217 612 alia
1263 571 1470 621 obiecisti,
1518 584 1570 612 ex
1604 585 1654 613 60
1688 572 1815 613 etiam

328 649 477 696 patere
512 656 667 695 aquam
702 655 800 683 esse
834 642 1084 696 fugiendam
1119 642 1435 696 aspernandam
1469 650 1510 684 et
1539 643 1710 697 penitus
1732 657 1815 685 non

326 713 602 767 gustandam,
637 713 708 766 qui
742 728 835 755 cum
870 715 1093 755 multarum
1127 728 1265 755 rerum
1299 714 1517 764 malarum,
1564 720 1649 755 tum
1683 715 1817 756 vario-

326 799 416 825 rum
451 785 688 826 morborum
723 798 879 827 caussa
912 785 978 835 sit,
1027 799 1152 837 quam
1187 785 1222 826 si
1255 785 1380 827 homo
1426 792 1544 839 potet
1588 786 1630 826 in
1664 786 1817 840 hydro-

326 857 452 910 pisim
477 855 650 907 incidat,
677 869 801 908 quam
827 869 981 909 corpus
1000 856 1262 908 tumefaciat,
1288 856 1605 910 superfluitates
1624 864 1816 910 generet,

326 927 589 968 inflationem
622 927 905 968 membrorum
940 926 1112 977 efficiat,
1148 941 1199 968 ex
1233 941 1316 980 qua
1348 928 1474 969 homo
1509 928 1645 969 mollis
1673 929 1817 981 gravis

328 1006 370 1040 et
402 999 671 1052 ponderosus
704 998 908 1049 redditur,
956 1011 1005 1039 ac
1040 1011 1210 1052 semper
1248 998 1502 1049 sitibundus,
1549 1000 1619 1051 qui
1658 1006 1816 1051 quanto

326 1071 423 1125 plus
468 1069 602 1119 bibat,
652 1075 770 1110 tanto
804 1070 900 1123 plus
935 1069 1063 1118 sitiat,
1113 1076 1155 1111 et
1189 1076 1347 1122 quanto
1392 1070 1488 1124 plus
1520 1070 1652 1119 bibat,
1697 1075 1816 1111 tanto

326 1142 465 1194 magis
510 1141 789 1194 inturgescat.
839 1141 886 1182 ld
921 1154 1001 1194 ego
1040 1141 1115 1182 tibi
1160 1142 1288 1195 plane
1324 1141 1509 1193 credam,
1556 1142 1591 1182 si
1623 1141 1682 1182 ita
1716 1141 1818 1182 mihi

324 1213 506 1267 probare
531 1213 705 1266 poteris,
741 1225 850 1265 quae
873 1212 981 1253 haec
1015 1212 1167 1253 eadem
1192 1226 1245 1253 ex
1268 1226 1405 1265 aquae
1428 1213 1543 1265 vitio,
1567 1225 1651 1254 non
1675 1219 1816 1254 autem

324 1297 378 1324 ex
425 1284 677 1336 qualitatum
722 1284 764 1324 in
810 1284 905 1338 ipso
951 1290 1078 1337 epate
1126 1284 1535 1338 distemperantiam,
1576 1290 1618 1325 et
1650 1284 1816 1325 virtutis

327 1355 569 1408 digestivae
604 1355 869 1396 debilitatem
903 1361 1145 1408 generetur.
1180 1355 1311 1396 Prout
1345 1368 1425 1408 ego
1454 1355 1529 1396 tibi
1554 1354 1693 1397 adhoc
1726 1355 1815 1409 plu-

325 1426 444 1467 ribus
478 1426 701 1467 authorum
735 1427 992 1468 testimoniis
1030 1427 1084 1475 (si
1118 1440 1170 1467 ea
1203 1440 1312 1479 quae
1344 1426 1458 1468 dicta
1492 1433 1589 1467 sunt
1622 1440 1707 1468 non
1731 1426 1817 1467 suf-

325 1497 469 1539 ficiant
503 1497 558 1539 ad
590 1498 760 1539 laudem
796 1504 838 1539 et
861 1497 1158 1539 defensionem
1193 1495 1349 1551 aquae)
1384 1498 1523 1539 vinum
1559 1510 1656 1539 esse
1690 1497 1817 1551 pluri·

326 1583 438 1610 mum
471 1582 611 1610 rerum
645 1582 858 1619 caussam,
894 1583 1004 1622 quae
1037 1569 1269 1623 improbari
1302 1575 1494 1623 possunt.
1528 1569 1638 1610 Nam
1667 1582 1816 1610 revera

325 1646 370 1681 ut
401 1641 499 1682 vino
533 1653 612 1681 sua
634 1641 874 1694 proprietas
908 1654 993 1681 non
1017 1640 1248 1690 auferatur,
1272 1640 1517 1694 hydropisis
1541 1653 1625 1681 non
1645 1639 1816 1681 aliunde

325 1711 452 1752 citius
486 1718 716 1764 generetur
749 1725 875 1764 quam
909 1725 934 1752 a
956 1712 1133 1765 crapula
1166 1719 1208 1752 et
1241 1711 1524 1753 dissolutione
1556 1717 1682 1765 potus
1715 1710 1815 1757 vini,

325 1783 426 1835 quia
458 1796 591 1836 parva
624 1782 855 1836 indigestio
890 1783 1029 1837 epatis
1064 1784 1153 1824 sive
1188 1783 1398 1824 stomachi
1431 1796 1526 1824 cum
1559 1783 1691 1824 multo
1715 1790 1816 1836 potu

324 1854 573 1895 continuato
626 1853 784 1895 sufficit
829 1854 884 1895 ad
930 1868 1024 1896 eam
1079 1854 1393 1908 aegritudinem
1444 1854 1692 1908 plenissime
1741 1867 1817 1907 pro

324 1924 558 1966 curandam
608 1931 649 1966 et
682 1925 987 1979 generandam.
1037 1926 1089 1966 Et
1123 1939 1207 1967 non
1241 1926 1377 1966 solum
1423 1924 1700 1979 hydropisim,
1741 1923 1819 1965 sed

325 2003 367 2037 et
402 1996 509 2037 alios
554 1997 710 2038 multos
745 2003 787 2038 et
819 2010 975 2051 graves
1009 1997 1180 2038 morbos
1213 1996 1495 2046 inducendos,
1537 2003 1641 2050 puta
1674 2009 1818 2049 quem—

324 2066 554 2108 admodum
589 2067 735 2109 scribit
765 2068 1018 2109 Aristoteles
1042 2069 1084 2109 in
1109 2068 1161 2109 de
1196 2068 1375 2109 secretis
1406 2073 1682 2118 secretorum,
1706 2066 1818 2120 quod

324 2145 457 2179 totum
492 2138 692 2180 obscuret
725 2139 909 2180 hominis
940 2139 1219 2189 intellectum,
1265 2138 1471 2192 impediat
1505 2151 1693 2189 sensum,
1735 2144 1818 2178 tur-

324 2210 397 2251 bet
442 2210 678 2260 cerebrum,
720 2210 917 2251 debilitet
964 2211 1161 2252 virtutem
1208 2210 1445 2251 naturalem
1490 2215 1531 2251 et
1576 2209 1817 2252 animalem.

323 2287 503 2335 generet
548 2281 820 2328 oblivionem,
867 2282 1013 2323 laedat
1047 2295 1195 2323 omnes
1231 2282 1416 2334 quinque
1451 2293 1619 2332 sensus,
1665 2280 1818 2333 quibus

324 2353 486 2405 regitur
519 2359 560 2393 et
594 2352 834 2407 disponitur
865 2359 955 2394 tota
989 2353 1101 2394 actio
1136 2352 1382 2406 corporalis,
1417 2352 1539 2405 fuget
1565 2351 1817 2405 appetitum.

325 2423 520 2464 debilitet
553 2423 760 2465 cathenas
796 2430 837 2464 et
869 2425 1089 2465 iuncturas
1123 2424 1325 2477 corporis,
1372 2429 1552 2477 generet
1590 2428 1814 2464 tremorem

324 2495 620 2545 membrorum,
670 2502 712 2535 et
752 2495 1056 2549 ,lippitudinem
1105 2495 1336 2545 oculorum,
1387 2493 1579 2535 destruat
1627 2506 1731 2548 epar
1776 2502 1817 2534 et

324 2565 479 2606 reddat
513 2566 605 2606 eius
641 2566 895 2619 sanguinem
929 2566 1189 2619 grossiorem
1211 2565 1352 2607 cordis
1377 2578 1570 2606 cruorem
1594 2564 1818 2617 demigret,

326 2636 439 2677 unde
493 2637 580 2677 allii
634 2650 798 2678 errores
852 2637 1105 2690 proveniunt
1160 2643 1202 2676 111
1256 2637 1398 2683 timor,
1452 2642 1627 2686 tremor,
1682 2635 1818 2676 somni

323 2707 494 2757 locutio,
530 2707 758 2759 fantasiae,
805 2708 1007 2759 visiones,
1054 2707 1266 2761 corruptio
1301 2708 1532 2756 oculorum,
1576 2705 1813 2747 debilitatio

325 2778 548 2828 stomachi,
584 2778 938 2832 distemperantia
967 2778 1321 2833 complexionum,
1358 2778 1581 2831 grossities
1615 2777 1816 2830 corporis,

326 2854 368 2889 et
403 2849 516 2900 quod
550 2849 738 2890 deterius
773 2856 837 2890 est
871 2850 1015 2890 vinum
1051 2850 1215 2903 lepram
1249 2849 1426 2899 inducit,
1473 2848 1585 2901 quod
1618 2854 1719 2889 tunc
1752 2854 1818 2889 est

327 2920 379 2961 de
426 2933 585 2972 genere
626 2933 899 2962 venenorum.
955 2921 1060 2961 Item
1094 2926 1137 2960 ut
1172 2919 1361 2961 Galenus
1407 2919 1508 2961 dicit
1553 2918 1666 2971 quod
1703 2918 1819 2959 illinc
