1898 3278
246 131 290 164 28

245 287 327 328 que
361 273 591 328 perniciem
628 271 854 314 nominat?
902 270 1062 314 Apo?
1106 272 1199 313 Huc
1232 271 1316 314 huc
1353 271 1536 326 respice,
1575 273 1731 314 malum

245 345 512 399 mancipium.
561 344 720 385 PARA.
754 344 809 384 At
835 350 880 385 tu
903 344 1106 398 optimum
1132 342 1244 396 quod
1277 343 1406 385 hodie
1429 342 1531 384 mihi
1554 356 1732 385 coenam

244 416 521 470 mancupabit
541 414 588 468 (1)
624 415 860 469 opiparam.
893 415 1062 469 Jupiter
1088 414 1216 467 dique
1240 427 1389 455 omnes
1423 427 1528 466 quos
1551 414 1731 464 coelum,

246 500 351 540 quos
405 492 519 528 terra
566 499 760 540 quosque
806 499 923 528 mare
970 486 1167 537 sustinet,
1218 498 1295 526 vos
1349 486 1492 527 salvos
1537 485 1732 527 advenae

243 558 394 600 incolis
428 557 659 599 advenisse
704 558 865 605 volunt,
911 571 1010 598 num
1055 557 1178 598 vobis
1222 556 1371 598 urbem
1419 556 1588 598 emendi
1620 557 1731 598 hanc

244 636 311 671 est
342 628 545 671 animus?
592 630 653 671 sic
686 629 820 670 aedes
855 635 1033 670 cunctas
1067 628 1329 669 examussim
1369 627 1730 682 contemplamini,

242 714 323 742 nec
355 701 514 742 frustra
546 700 760 754 inspicite,
798 713 883 741 non
917 700 1016 741 dum
1051 699 1104 740 de
1139 712 1191 740 ea
1218 700 1360 740 auctio
1395 712 1471 753 per
1490 706 1731 753 praetorem

243 773 470 826 propalata
521 779 599 824 est,
646 771 699 813 ob
745 771 788 812 id
834 771 960 812 aliam
1006 771 1127 813 vobis
1172 771 1320 812 urbem
1366 770 1527 824 emptui
1571 770 1731 824 eligite.

243 843 461 885 APOLLI.
507 843 596 884 Vae
631 843 761 897 capiti
794 844 879 893 tuo,
922 843 983 884 sic
1017 842 1228 884 advenam
1261 842 1549 894 reducemque
1582 841 1732 882 herum

243 915 428 969 accipis!
463 915 623 955 PARA.
653 914 757 955 Mihi
780 914 939 955 Hector
961 920 1034 955 aut
1061 914 1283 955 Menelaus
1317 913 1409 954 heri
1429 912 1601 954 fuerunt
1624 926 1730 965 quos

241 993 414 1040 praeter
447 986 603 1027 famam
639 986 738 1027 novi
778 998 1008 1038 numquem
1042 984 1098 1039 (3³)
1134 999 1185 1027 ac
1220 992 1274 1026 tu.
1329 983 1490 1026 APOL.
1532 984 1729 1038 Respice.

241 1057 401 1098 PARA.
416 1057 562 1099 Maton
575 1057 727 1112 Apollo
744 1054 832 1103 <Ma
845 1058 910 1096 τὸν
926 1054 970 1095 Ἀ
981 1088 988 1096 .
998 1076 1052 1088 =
1063 1057 1266 1110 Apollora
1278 1054 1302 1110 !)
1318 1055 1419 1109 quid
1436 1055 1583 1097 video!
1602 1055 1731 1097 Salve

242 1128 464 1182 Apollides
497 1128 655 1169 atticae
688 1127 922 1169 iuventutis
956 1128 1187 1181 exemplar,
1228 1127 1305 1168 sed
1338 1134 1379 1168 te
1412 1127 1466 1168 ob
1499 1126 1627 1168 fidem
1659 1126 1732 1168 ob-

241 1206 375 1241 testor
407 1206 522 1240 tuam
556 1212 796 1251 meamque,
831 1198 969 1240 donec
992 1199 1075 1239 huc
1107 1212 1174 1239 me
1196 1198 1356 1253 recipio
1389 1198 1610 1252 paulisper
1631 1197 1732 1239 asti-

241 1271 358 1322 teris,
385 1271 583 1325 patrique
610 1277 682 1311 tuo
724 1270 907 1311 reditum
945 1270 1143 1311 nunciem
1166 1277 1293 1311 tuum.
1327 1269 1490 1311 APOL.
1513 1269 1625 1310 Vivit
1647 1268 1733 1310 ne'?

241 1342 399 1383 PARA.
435 1341 547 1391 Quid
579 1342 634 1392 ni,
668 1342 752 1382 imo
786 1341 978 1396 pervivit.
1024 1340 1185 1382 APOL.
1221 1340 1375 1383 Salvus
1410 1354 1515 1391 sum,
1549 1353 1732 1394 propera

240 1413 377 1467 igitur.

284 1542 459 1596 Gryllus
491 1542 736 1591 Parasitus,
773 1542 1054 1595 Haemo-chus,
1095 1541 1339 1594 Clearchus,
1373 1556 1491 1583 senes
1526 1541 1697 1594 Serpus,

816 1613 957 1669 Lz'nyo
991 1613 1153 1656 lomrz'z'.

364 1709 440 1750 His
465 1723 546 1763 ego
570 1709 699 1751 hodie
722 1709 886 1751 foribus
911 1710 1084 1750 exitium
1106 1709 1232 1761 dabo,
1266 1709 1308 1750 ni
1330 1709 1444 1750 illico
1470 1709 1729 1763 aperiantur,

241 1781 348 1822 heus
373 1787 415 1822 et
448 1782 541 1834 quis
571 1781 652 1822 hoc
684 1781 822 1835 aperit
850 1780 1042 1823 ostium?
1073 1781 1259 1822 HALIA.
1292 1781 1561 1834 Importunus
1589 1780 1730 1822 denuo

240 1852 416 1893 furcifer
436 1866 521 1894 non
546 1852 644 1893 dum
666 1853 759 1893 abis
785 1853 936 1906 Lingo.
970 1852 1105 1906 Serpe
1131 1852 1291 1906 abigite
1314 1852 1462 1905 procul
1487 1852 1729 1905 mastigiem

242 1924 295 1964 ab
320 1923 512 1965 aedibus.
532 1923 693 1964 PARA.
714 1924 806 1977 Ego
830 1924 1008 1966 lorarios
1032 1930 1127 1965 tuos
1157 1923 1262 1964 nihil
1290 1936 1442 1975 moror,
1466 1930 1605 1965 tecum
1628 1923 1731 1964 mihi

240 2008 310 2035 res
327 2001 405 2046 est,
425 2001 466 2036 te
483 1995 646 2036 salvum
665 1995 776 2047 volo,
796 1995 870 2036 tibi
887 1994 1089 2048 gaudium
1103 1995 1285 2048 gruatim
1301 1993 1347 2048 (l)
1369 1992 1512 2048 (fortez
1533 1993 1730 2049 gratiam>

242 2065 403 2107 adfero.
439 2065 587 2107 HALI.
621 2066 691 2107 Nil
715 2079 822 2120 opus
844 2073 909 2108 est
932 2067 1090 2120 gaudio
1123 2073 1209 2118 tuo,
1242 2067 1285 2107 in
1319 2080 1414 2108 eum
1442 2080 1536 2108 cum
1557 2066 1727 2108 fiducia.

241 2137 402 2178 PARA.
439 2136 550 2186 Quid
584 2137 619 2177 si
650 2137 852 2179 reducem
886 2138 962 2180 tibi
996 2138 1125 2179 filium
1149 2138 1296 2179 nuntio
1311 2137 1332 2178 ζ’)
1372 2138 1556 2180 HALIA.
1593 2138 1727 2187 Quem

242 2206 402 2248 filium?
422 2208 583 2249 PARVA.
603 2208 756 2249 Filium
773 2215 815 2250 et
835 2222 1004 2250 seruum
1025 2210 1168 2251 salvos
1187 2209 1347 2250 ambos.
1373 2200 1557 2250 HALIA.
1576 2209 1728 2250 Filium

242 2286 284 2319 et
310 2277 510 2321 servum?
541 2292 667 2331 quam
694 2280 911 2321 blanditur
931 2280 1124 2322 furcifer!
1155 2280 1315 2321 PARA.
1341 2280 1473 2321 Immo
1488 2280 1728 2334 Apollidem

240 2359 356 2390 tuum
389 2357 565 2403 gnatum
599 2351 769 2392 unicum
809 2365 905 2392 cum
937 2351 1133 2393 Haliacte
1168 2351 1350 2405 fugitiuo
1396 2352 1565 2393 servulo
1599 2351 1728 2393 adve-

240 2421 357 2462 nisse
378 2427 420 2462 te
443 2421 643 2463 certifico.
679 2422 864 2463 HALIA.
895 2422 1058 2464 Solvite
1081 2422 1303 2476 flagitium,
1326 2436 1407 2475 quo
1428 2422 1604 2464 liberius
1626 2422 1729 2463 mihi

240 2492 426 2544 colloqui
444 2498 585 2544 queat.
611 2492 850 2534 LORARII.
869 2494 977 2535 Fiat.
1002 2493 1149 2534 HALI.
1169 2493 1322 2534 Filium
1340 2506 1480 2534 meum
1503 2506 1598 2535 cum
1618 2493 1727 2546 fugi—

241 2563 327 2604 tivo
362 2564 532 2605 servulo
561 2564 793 2605 advenisse
827 2564 1014 2606 aiebas‘.>
1047 2565 1209 2606 PARA.
1244 2565 1337 2617 Aio,
1364 2565 1551 2617 inquam,
1575 2564 1637 2605 sic
1659 2578 1727 2606 me

241 2641 393 2675 sancta
425 2641 539 2676 amet
572 2637 749 2690 crapula
777 2642 818 2677 et
842 2637 1057 2687 saturitas,
1092 2642 1136 2676 ut
1157 2636 1225 2677 hic
1259 2637 1404 2678 salvus
1428 2649 1453 2676 a
1475 2643 1517 2676 te
1538 2641 1727 2677 actutum

240 2705 538 2759 conspicietur.
572 2707 717 2748 HALI.
744 2707 788 2748 Si
811 2721 914 2749 vera
935 2707 1040 2749 dicis
1062 2714 1223 2748 certum
1246 2713 1311 2748 est
1334 2706 1449 2761 apud
1466 2720 1546 2758 me,
1567 2720 1726 2748 meum-

240 2790 321 2829 que
354 2784 530 2830 gnatum
563 2784 817 2831 perpetuum
850 2779 926 2820 tibi
959 2778 1108 2820 donari
1142 2778 1423 2832 dapinarium,
1470 2791 1552 2831 age
1583 2777 1725 2831 igitur,

239 2854 284 2888 ut
316 2848 429 2889 hunc
458 2848 640 2889 videam.
676 2849 837 2891 PARA.
871 2849 1124 2901 Priusquam
1148 2849 1352 2903 asparagi
1375 2855 1624 2901 coquantur,
1658 2848 1726 2889 hic

239 2932 323 2959 ero.
346 2919 493 2960 HALI.
516 2919 691 2960 Clearce
710 2920 983 2973 progredere.
1008 2920 1165 2961 CLEA.
1186 2919 1297 2969 Quid
1313 2918 1411 2962 est‘?
1434 2920 1578 2961 HALI.
1595 2920 1726 2961 Para-
