1955 3278
1524 111 1591 144 1753

108 252 328 305 contingat
371 251 606 302 balbucies,
651 252 768 292 1111110
812 251 858 292 fit
891 252 1003 304 quod
1049 253 1191 294 aliena
1222 267 1302 294 nec
1342 253 1502 306 aliquid
1536 254 1589 294 ad

106 323 368 377 propositum
403 323 508 364 ebrii
528 323 769 375 loquantur„
803 323 918 364 illinc
942 323 1163 364 cerebrum
1186 324 1313 365 nimie
1337 324 1591 365 humiditate

106 393 346 445 offenditur,
381 394 497 435 illinc
530 401 595 434 est
627 393 740 446 quod
773 407 857 435 11011
890 400 1006 435 10010
1040 394 1175 447 gradu
1199 395 1259 435 ire
1292 396 1481 445 valeant,
1512 395 1590 436 sed

104 478 181 519 per
212 465 366 505 multas
411 477 560 506 cruces
603 464 838 505 titubantes
871 478 962 506 cum
998 464 1112 506 tibiis
1145 465 1350 516 feruntur,
1399 472 1441 507 et
1473 472 1589 507 totae

103 536 274 590 plateae
309 535 481 576 strictae
505 536 589 576 sint
612 535 821 576 euntibus.
861 535 979 576 Idem
1005 535 1206 577 Galenus.
1244 535 1405 585 Omnis7
1438 537 1588 589 inquit,

104 607 291 648 ebrietas
338 613 403 647 est
437 619 593 647 caussa
637 606 876 648 morborum
920 606 1184 659 frigidorum,
1228 620 1325 647 113111
1364 607 1589 661 plurimum

102 678 246 719 vinum
284 677 330 718 fit
363 691 495 718 causa
538 677 786 731 Epilepsiae
833 690 927 718 011111
960 689 1064 718 03811
1098 683 1140 718 01
1174 678 1442 732 spumatione
1489 679 1586 729 oris,

104 762 197 790 cum
243 761 410 799 sensus,
454 748 638 789 ordinati
669 755 823 799 motus,
869 749 1112 799 erectionis,
1158 749 1417 801 intellectus,
1457 750 1587 800 visus,

102 821 265 861 aurium
289 826 330 861 et
352 820 582 861 memoriae
606 820 887 873 corruptione.
923 820 1203 874 Apoplexiae,
1234 820 1347 861 unde
1372 820 1588 861 hominum

102 904 255 933 sensus
290 896 332 932 et
351 897 490 931 motus
513 892 643 932 totius
667 891 856 945 corporis
889 898 1066 945 repente
1091 898 1132 932 et
1156 891 1295 932 subito
1323 891 1585 932 auferantur.

101 963 331 1016 Paralysis,
365 963 478 1004 unde
498 962 771 1003 immobilitas
800 969 842 1003 et
863 962 1171 1004 insensibilitas
1192 962 1475 1003 membrorum
1499 961 1585 1003 fiat.

102 1034 222 1075 Ultra
240 1033 348 1074 haec
366 1034 469 1075 facit
492 1032 742 1086 podagram,
768 1033 867 1085 quia
889 1034 1091 1073 materias
1116 1032 1270 1074 crudas
1293 1032 1348 1073 ad
1367 1033 1586 1074 iuncturas

100 1111 327 1159 penetrare
347 1105 463 1146 facit.
498 1104 552 1145 Et
573 1109 689 1145 recte
713 1104 855 1145 vinum
878 1104 1156 1145 Reubarbaro
1180 1110 1462 1158 comparatur,
1487 1104 1587 1155 quia

102 1176 211 1218 sicut
241 1175 547 1217 reubarbarum
570 1175 631 1216 810
653 1175 796 1216 vinum
821 1175 857 1215 si
878 1175 921 1215 in
954 1188 1112 1228 magna
1135 1175 1372 1227 quantitate
1397 1181 1588 1215 sumatur

101 1247 318 1301 egreditur
351 1247 405 1287 ad
438 1246 636 1287 virtutem
669 1246 836 1287 veneni.
869 1245 966 1287 Vidi
987 1259 1068 1299 ego
1092 1252 1182 1286 tota
1203 1246 1273 1287 via
1305 1259 1402 1287 mea
1430 1246 1586 1286 multos

100 1331 238 1371 aquae
271 1324 458 1372 potores,
493 1317 620 1358 etiam
655 1330 707 1358 ex
741 1317 806 1358 his
828 1317 897 1369 qui
918 1318 1016 1358 vino
1040 1323 1226 1367 utantur,
1258 1317 1418 1357 nullum
1441 1323 1584 1357 tamen

100 1389 198 1430 novi
231 1389 301 1441 qui
333 1387 432 1441 (nisi
463 1388 678 1430 medicata
709 1386 851 1441 fuerit)
884 1389 927 1429 in
960 1389 1170 1429 insaniam
1204 1389 1272 1430 vel
1305 1388 1491 1429 furorem
1524 1388 1584 1428 in-

99 1460 275 1502 cidisset
308 1473 360 1500 ex
393 1460 484 1501 eius
527 1465 629 1513 potu
662 1460 731 1501 vel
764 1465 885 1500 extra
916 1459 1123 1500 rationem
1157 1460 1383 1513 prolapsus
1416 1459 1585 1508 fuisset⁷

98 1544 183 1572 non
214 1531 506 1585 praexistente
552 1530 697 1583 aliqua
739 1530 996 1570 instrinseca
1041 1543 1198 1571 caussa
1243 1530 1422 1571 alicuius
1468 1530 1582 1570 mali.

98 1602 194 1643 Bibi
226 1615 306 1655 ego
340 1608 430 1643 tota
458 1602 545 1643 vita
567 1615 664 1642 mea
686 1614 839 1653 aquam
874 1599 1085 1653 (quamvis
1109 1601 1236 1641 etiam
1257 1601 1355 1642 vino
1379 1607 1582 1653 quantum

100 1673 228 1713 etiam
262 1678 327 1713 cst
360 1671 469 1725 utar)
504 1685 720 1724 nunquam
753 1679 897 1713 tamen
930 1672 1102 1713 memini
1135 1686 1201 1713 me
1235 1673 1276 1712 in
1307 1672 1508 1713 maiorem
1542 1679 1584 1713 et

98 1744 415 1797 profundiorem
437 1743 547 1784 sitim
573 1757 625 1784 ex
644 1750 747 1797 potu
769 1743 882 1784 illius
913 1743 1130 1794 incidisse7
1165 1744 1201 1784 si
1224 1744 1358 1784 semel
1379 1750 1583 1796 quantum

98 1821 165 1856 sat
195 1815 275 1856 fuit
307 1816 491 1868 gustavi7
525 1816 625 1867 quia
659 1821 725 1856 est
756 1814 995 1856 restrictiva
1019 1814 1218 1855 cholerae
1253 1821 1294 1854 et
1316 1814 1421 1855 fumi
1444 1821 1584 1855 aestu-

97 1886 187 1927 alis.
219 1887 372 1927 Vinum
406 1893 479 1927 aut
511 1887 679 1943 proprie
714 1887 822 1927 haec
855 1885 1095 1927 necessitas
1124 1885 1312 1937 sequitur
1339 1895 1384 1926 ut
1407 1885 1582 1927 bibendi

97 1957 362 1998 consuetudo
387 1957 634 1998 aviditatem
659 1957 797 2011 pariat
830 1956 1067 1997 rebibendi.
1104 1956 1254 1996 Vinum
1282 1969 1397 1998 more
1428 1957 1583 2010 sangui

97 2041 231 2081 sugae
264 2028 439 2069 violenti
484 2035 642 2081 quanto
687 2028 783 2082 plus
817 2027 981 2079 bibunt,
1029 2033 1147 2068 tanto
1182 2028 1278 2080 plus
1318 2027 1464 2069 sitiunt
1498 2041 1583 2081 qua

97 2099 270 2140 cholera
303 2112 430 2151 quum
462 2099 702 2141 incenditur
736 2099 874 2140 calido
907 2098 1023 2139 fumo
1051 2099 1138 2140 vini
1169 2099 1265 2152 ipsa
1289 2112 1341 2140 ex
1365 2112 1415 2140 eo
1439 2108 1581 2141 aestu-

95 2170 175 2211 alis
209 2170 300 2211 sitis
342 2171 614 2224 provenienS,
658 2177 825 2223 torquet
870 2169 1044 2211 assidue
1091 2176 1235 2223 guttur
1268 2176 1310 2211 et
1341 2170 1492 2212 invitat
1527 2171 1581 2212 ad

95 2248 253 2295 potum.
301 2241 424 2291 Quod
458 2243 493 2283 si
524 2241 736 2283 modicum
776 2241 959 2283 excedat
992 2248 1033 2282 et
1072 2254 1207 2293 usque
1241 2241 1296 2282 ad
1330 2241 1579 2283 ebrietatem

95 2320 298 2364 sumatur,
332 2320 432 2354 tunc
454 2313 618 2354 ratione
653 2313 841 2354 extincta
874 2313 1053 2354 brutalis
1086 2312 1150 2353 vis
1175 2312 1450 2363 confortatur,
1481 2319 1580 2354 tunc

96 2397 250 2437 corpus
284 2391 506 2438 permanet
538 2384 656 2425 velut
688 2385 809 2425 navis
842 2384 883 2424 in
918 2384 1021 2424 mari
1049 2397 1134 2425 non
1166 2384 1332 2425 habens
1368 2384 1579 2437 guberna-

95 2455 234 2496 culum
267 2461 340 2495 3111
372 2462 593 2506 rectorem,
628 2461 669 2496 et
703 2455 812 2496 sicut
844 2455 993 2495 militia
1026 2467 1110 2495 non
1143 2454 1310 2495 habens
1343 2455 1577 2508 principem

95 2539 234 2578 neque
281 2525 447 2576 ducem,
495 2539 547 2566 ex
592 2539 673 2578 quo
720 2526 766 2566 fit
810 2525 923 2579 quod
969 2526 1111 2567 ebrius
1157 2525 1412 2578 quandoque
1451 2526 1579 2566 immo

94 2610 264 2650 semper
309 2597 455 2638 favent
487 2597 549 2638 rei
582 2610 666 2637 non
710 2597 971 2651 probandae.
1020 2596 1187 2637 Laudat
1221 2597 1334 2649 quod
1365 2597 1408 2637 in
1454 2610 1499 2637 se
1533 2604 1579 2638 ut

93 2668 317 2722 plurimum
366 2674 432 2709 est
478 2668 740 2710 illaudabile.
794 2669 902 2709 Hinc·
963 2667 1173 2720 estquod
1221 2681 1272 2709 ex
1316 2668 1399 2709 illis
1446 2667 1579 2709 faciat

93 2739 258 2790 stultos,
293 2739 363 2792 qui
387 2752 432 2780 se
454 2739 673 2792 sapientes
704 2739 990 2780 crediderunt.
1025 2738 1126 2779 Illos
1152 2752 1378 2792 perversos
1403 2738 1577 2789 efficiat⁷

93 2810 163 2863 qui
214 2823 291 2864 per
342 2810 667 2864 temperantiam
719 2810 914 2852 viventes
967 2809 1166 2850 benevoli
1215 2809 1397 2850 fuerunt.
1454 2810 1578 2862 Aqua

92 2881 362 2933 quantumvis
406 2888 555 2934 potata
598 2894 677 2922 nec
720 2881 763 2922 id
809 2880 967 2922 efficiet
1013 2880 1126 2932 quod
1165 2880 1321 2921 dictum
1362 2887 1436 2922 est.
1485 2880 1576 2922 Nec
