1919 3273
1471 128 1545 163 383

57 319 129 361 Ad
151 321 330 362 eundem
353 320 497 362 divum
527 319 823 361 Vuladz‘slaum
846 320 1077 375 Hzmyarie
1104 325 1140 362 et
1159 320 1360 362 Bohemie
1381 320 1542 375 Reyem

58 390 277 445 inclytum,
314 392 362 433 dc
394 391 539 433 animo
571 390 761 432 habendo
794 390 841 433 in
875 391 1011 433 hostes
1044 391 1229 433 mammo
1261 391 1310 433 in
1337 391 1543 434 Tmehos-

207 509 475 563 Bellipotens
497 509 685 550 Histrum
707 509 935 562 glacialem
959 510 1188 564 comprime
1211 510 1433 564 Princeps,

266 581 319 621 Et
353 580 546 621 Geticam
579 580 765 631 Peucen,
801 586 844 621 et
875 581 971 622 loca
1003 580 1109 622 dura
1142 581 1238 622 situ.

206 651 329 692 Nunc
350 664 501 704 regere
536 650 729 693 Odrisios
762 651 970 693 Mavortia
999 658 1175 705 pectora
1205 665 1351 693 currus

234 711 237 716 ⁵
267 721 471 773 Gliscent,
507 721 682 764 Gradivi
713 728 758 763 tu
791 735 959 775 quoque
991 722 1108 764 bella
1140 735 1286 776 paves.

130 805 149 837 5
207 792 437 847 Optantem
464 793 668 835 Iuvenem
693 793 813 835 licuit
841 793 1108 835 descendere
1131 793 1188 835 ad
1206 793 1391 844 umbras,

266 865 322 906 Ut
353 864 511 906 vindex
542 865 680 919 patrie
714 871 847 906 staret
880 871 922 906 et
955 865 1065 906 ultor
1098 865 1180 906 avi.

206 935 303 977 Non
334 941 536 989 reputant
568 948 704 976 annos
736 935 869 977 fortes
902 936 959 977 ad
991 936 1107 977 bella
1140 935 1341 987 Quirites,

269 1005 356 1047 Sed
387 1006 498 1047 bene
532 1006 726 1048 consulto
761 1005 863 1047 dant
897 1019 975 1047 sua
1007 1007 1094 1060 pila
1126 1006 1248 1048 Duci.

61 1230 133 1272 Ad
159 1231 338 1273 eundem
368 1231 512 1273 divum
537 1230 834 1273 Vuladz'slaum
862 1231 1020 1286 Reycm
1047 1230 1361 1273 nobilissimum
1384 1231 1432 1272 de
1454 1229 1551 1272 eius-

60 1300 182 1355 fama
206 1316 288 1356 per
312 1301 560 1345 universum
587 1302 674 1355 fere
695 1302 832 1344 orbem
846 1307 1085 1356 penetrata,
1115 1307 1152 1344 et
1180 1301 1366 1344 wzaoez'me
1389 1300 1550 1343 devicto

542 1373 722 1416 Caesare
753 1374 808 1415 M
806 1373 1072 1415 axtmz'lz'ano.

210 1494 409 1548 Pervaga
442 1493 704 1536 Sarmaticas
737 1494 978 1548 penetravit
1010 1494 1126 1535 fama
1159 1494 1354 1547 sagittas,

270 1564 396 1606 Venit
429 1565 484 1606 ad
515 1565 695 1606 Etholas
727 1565 877 1606 laurea
909 1570 1029 1606 tanta
1061 1565 1219 1606 domos.

210 1635 277 1677 Ad
298 1636 579 1689 Rhenumque
603 1636 747 1688 Getas,
772 1637 929 1687 Dacos,
951 1636 1158 1690 percurrit
1180 1636 1235 1677 ad
1257 1636 1462 1683 Histrum,

272 1707 392 1748 Alter
422 1707 712 1762 Hiperboreos
746 1714 787 1749 et
819 1714 943 1762 parat
974 1708 1035 1748 ire
1067 1708 1197 1749 locos.

137 1788 156 1821 5
213 1778 392 1820 Publica
425 1778 661 1820 Germanos
694 1784 876 1820 testatur
906 1778 1024 1819 fama
1055 1778 1305 1832 triumphos,

272 1849 564 1903 Invictumque
598 1850 750 1892 ducem
782 1850 990 1891 barbarus
1023 1849 1158 1891 omnis
1192 1856 1316 1891 amat.

215 1920 381 1962 Clamat
412 1921 452 1962 io
485 1921 654 1963 Latium
687 1921 796 1963 votis
828 1921 1106 1975 poscentibus
1139 1934 1269 1971 arma,

273 1992 434 2034 Rursus
466 1992 507 2033 io
542 1992 739 2046 strepitat
773 1991 905 2041 Cesar
936 1992 978 2033 in
1012 1991 1113 2033 orbe
1146 1993 1296 2045 magis.

215 2063 273 2104 Es
304 2064 415 2105 bene
446 2064 580 2112 letitie
614 2069 656 2105 et
687 2064 807 2104 lusus
839 2077 952 2105 nunc
985 2063 1157 2104 conscia
1188 2063 1324 2114 Buda,

117 2145 159 2179 10
276 2134 424 2176 Cernis
457 2140 500 2176 et
532 2134 718 2176 armiferi
751 2133 909 2188 gaudia
942 2147 1098 2187 magna
1129 2134 1277 2185 Ducis,

214 2206 380 2248 Nomen
403 2205 459 2247 ad
482 2212 600 2247 astra
620 2206 727 2257 tulit,
751 2206 925 2259 propius
952 2204 1069 2246 videt
1089 2205 1193 2246 illud
1217 2204 1411 2258 Olympo,

276 2278 354 2319 Hic
386 2277 601 2332 princeps,
635 2276 794 2331 paphio
830 2277 900 2329 qui
934 2282 1051 2317 tenet
1082 2276 1181 2329 igne
1215 2289 1373 2318 comas.

70 2501 141 2543 Ad
163 2502 342 2544 eundem
365 2501 509 2543 divum
532 2501 828 2543 Vuladislaum
850 2501 1007 2555 Reyem
1024 2499 1351 2555 maynanimum
1372 2498 1554 2541 Carmen

237 2572 475 2626 phaletium
509 2587 591 2626 quo
616 2577 744 2626 poeta
776 2576 890 2625 optat
922 2571 1003 2613 stbz'
1035 2571 1205 2625 {onyam
1236 2570 1379 2612 vitam.

278 2693 494 2733 Annorum
527 2691 697 2744 genitor
729 2690 964 2744 bicepsque
997 2689 1115 2740 Iane,

272 2763 362 2813 Qui
394 2762 559 2804 claudis
590 2761 732 2815 rigida
764 2773 945 2813 seraque
979 2759 1153 2813 templa,

279 2834 493 2875 Victorem
525 2832 651 2875 modo
685 2832 830 2873 martis
865 2837 906 2872 et
939 2830 1092 2883 quietis

281 2904 511 2958 Optantem
544 2903 626 2945 sibi
659 2917 784 2956 quam
820 2903 924 2943 satis
958 2901 1167 2954 superbos
