1919 3273
307 115 376 149 408

309 259 427 312 regio
474 265 567 301 orta
599 272 646 301 es
680 260 891 314 sanguine
936 265 1145 314 patreque
1193 259 1467 301 Ferdinando
1511 260 1802 302 illustrissimo·

308 344 412 384 rege
445 331 673 384 progenita
706 344 758 372 ac
789 330 977 371 Mathiae
1010 330 1229 384 Ungariae
1275 330 1567 384 Boemiaeque
1602 331 1798 372 aliarum-

310 414 391 454 que
425 402 643 442 nationum
676 401 1026 443 victoriosissimo
1057 401 1150 455 regi
1182 401 1449 443 matrimonio
1481 401 1638 443 iuncta.
1677 401 1797 452 Quae

310 473 451 514 omnia
483 485 549 513 me
577 473 726 526 procul
758 471 887 514 dubio
913 473 1174 526 impulerunt
1206 472 1477 514 Maiestatem
1506 477 1552 513 ut
1571 479 1687 513 tuam
1710 479 1798 514 tam

309 544 482 586 maximi
526 543 680 585 ducam
725 543 1036 597 observemque
1070 549 1113 585 et
1144 542 1320 584 mirifice
1367 544 1520 596 colam,
1563 556 1689 597 quam
1721 556 1799 597 pro

308 615 391 656 tuis
424 614 562 656 debeo
594 615 638 655 in
671 627 818 656 omnes
852 614 1094 669 promeritis
1127 628 1178 656 ac
1210 628 1399 656 meorum
1434 627 1609 669 operum
1641 615 1797 656 faciam

309 699 394 727 non
428 692 672 740 expertem;
720 686 942 739 enitarque
976 686 1182 740 deinceps
1216 687 1278 728 sic
1311 686 1482 741 scriptis
1515 685 1720 728 extollere
1753 692 1804 727 ut.

310 756 401 798 eius
433 762 495 798 tot
528 756 686 798 decora
718 757 787 799 vel
822 757 877 798 ad
910 763 1107 811 posteros
1141 757 1496 798 transmittantur.

574 955 730 992 Iacobi
755 955 935 992 Pisonis
963 954 1274 1002 Transylvani
1300 955 1500 991 schedia.
1518 956 1528 976 ¹

875 1044 942 1085 De
973 1058 1048 1085 suo
1082 1041 1230 1086 libello.

458 1139 504 1182 Si
536 1140 629 1194 quis
663 1139 796 1182 habet
828 1146 1019 1182 nostrum
1055 1140 1183 1181 cerdo
1218 1153 1410 1194 caupove
1445 1138 1651 1191 libellum,

517 1211 589 1254 Sic
621 1211 782 1253 vendat
814 1212 967 1266 patiar,
1002 1218 1048 1253 ut
1081 1216 1212 1265 neget
1245 1224 1343 1252 esse
1375 1223 1542 1261 meum;

456 1283 626 1324 Irritare
660 1289 803 1325 tamen
837 1284 875 1325 si
906 1285 995 1325 vult
1028 1283 1232 1337 emptoris
1267 1283 1441 1330 alutam,

515 1354 740 1407 Nequitias
774 1355 880 1396 satis
915 1361 982 1395 est
1015 1354 1158 1396 dicere
1191 1353 1331 1395 vendo
1365 1365 1513 1395 novas.

772 1484 844 1526 Ad
881 1485 1091 1527 Graecum
1123 1483 1332 1526 Pieriam.

458 1581 512 1622 Ut
543 1580 672 1622 liceat
703 1586 874 1622 nostras
907 1581 997 1633 tibi,
1034 1579 1213 1631 Graece,
1247 1579 1469 1621 revolvere
1502 1591 1657 1632 nugas,

517 1651 632 1704 Scin,
666 1665 750 1705 qua
783 1652 1027 1706 permittam
1062 1650 1307 1693 conditione
1341 1649 1455 1692 tibi‘?

456 1724 512 1766 Ut
543 1723 739 1765 tetricum
773 1736 918 1764 sumas
950 1723 1113 1765 vultum
1147 1722 1354 1774 censoris,
1389 1728 1430 1763 et
1463 1721 1551 1763 acri

514 1795 675 1836 Iudicio
709 1793 912 1848 quicquid
946 1793 1148 1848 displicet
1182 1793 1389 1847 expolias.

458 1866 581 1916 Quod
613 1866 689 1908 tibi
721 1866 834 1918 lima,
867 1879 986 1917 veru,
1020 1871 1222 1907 tornusve
1251 1865 1443 1918 stylusve
1466 1863 1658 1917 negabit,

516 1936 707 1991 Spongia
741 1936 997 1991 praestabit,
1034 1936 1205 1977 assibus
1240 1941 1384 1990 empta
1417 1935 1565 1976 tribus.

730 2065 803 2108 Ad
835 2065 1093 2107 Ladislaum
1127 2066 1379 2108 Zalcanum.

455 2164 557 2205 Plus
589 2163 748 2215 lustris,
782 2163 986 2215 Zalcane,
1019 2162 1155 2204 tribus
1184 2163 1396 2216 gliscente
1430 2161 1660 2214 quotannis

517 2234 729 2276 Sollicitat
760 2248 836 2288 pro
871 2240 912 2275 te
947 2234 1134 2276 carmine
1168 2235 1269 2276 Piso
1305 2234 1424 2285 deos,

457 2305 545 2347 Sed
576 2312 619 2347 te
651 2305 898 2360 praecipue,
933 2305 1001 2347 cui
1033 2307 1202 2360 magnis
1234 2306 1339 2347 Iuno
1374 2304 1566 2346 calendis

516 2376 657 2418 Cessit
691 2382 734 2417 et
766 2376 946 2418 authore
980 2390 1065 2430 quo
1098 2390 1234 2419 novus
1269 2390 1407 2418 annus
1440 2376 1527 2416 init.

454 2448 556 2489 Iane
590 2454 726 2502 pater,
763 2448 833 2501 qui
865 2454 1007 2489 actum
1042 2455 1215 2502 spectas
1249 2447 1461 2488 faeliciter
1494 2460 1651 2488 annum

514 2520 637 2561 Hunc
670 2533 839 2572 quoque
872 2519 1057 2574 propitio
1094 2520 1165 2572 qui
1197 2519 1328 2569 venit,
1363 2531 1435 2559 ore
1468 2518 1577 2560 vide.

455 2590 690 2632 Fundimus
713 2604 815 2632 ecce
839 2604 1001 2632 merum
1027 2591 1211 2644 geminis
1233 2587 1442 2631 altaribus
1464 2589 1657 2641 hornum,

516 2662 652 2713 Quale
685 2675 767 2704 nec
800 2661 966 2716 Opimio
1000 2662 1175 2703 consule
1207 2662 1344 2703 Roma
1374 2661 1494 2702 bibit.

429 2790 438 2810 ¹
466 2789 555 2825 Olah
579 2789 711 2825 Miklos
730 2788 1054 2834 ko’ltemenyeinek
1076 2800 1116 2824 az
1135 2789 1329 2835 Egyetemi
1349 2789 1614 2833 Konyvtarban
1639 2788 1692 2822 Hi
1710 2788 1802 2833 jegy

309 2850 398 2884 alatt
424 2850 542 2884 orz'ott
579 2850 690 2885 XVII.
718 2850 930 2884 szazadbeli
957 2848 1173 2892 codexeboL
1205 2849 1268 2884 fol.
1297 2849 1500 2884 egb—9013.
1539 2848 1795 2893 Ugyauonnan

308 2909 433 2943 kiadta
460 2908 612 2945 Seivert.
