1955 3278
387 122 455 156 274

427 351 718 389 Prooemium
748 351 948 388 Marsilii
974 352 1126 388 Ficim'
1153 352 1203 389 in
1231 353 1498 399 opusculum
1526 354 1624 390 eius
1652 355 1707 391 de
1733 355 1835 391 vita

654 417 864 454 Platonis
892 417 951 453 ad
976 418 1281 455 Francisoum
1307 418 1583 456 Bandinum.
1601 420 1611 440 ¹

504 528 640 570 Natus
669 534 734 569 est
760 527 863 569 mihi
885 541 1022 582 nuper
1042 528 1084 569 in
1104 528 1199 583 ipso
1228 529 1530 582 omnipotentis
1562 529 1718 572 Christi
1740 531 1873 573 natali

386 600 508 641 Plato
531 600 717 652 quidam,
750 599 947 641 Bandine
970 599 1255 653 magnanime,
1291 600 1360 653 qui
1383 602 1577 653 quamvis
1601 615 1681 643 avo
1712 602 1773 644 1111
1795 616 1871 645 5110

385 671 580 725 patrique
603 677 747 713 nostro
769 671 940 712 Platoni
963 671 1090 724 longe
1113 671 1166 712 sit
1188 671 1336 725 impar,
1368 672 1536 713 videtur
1558 679 1701 714 tamen
1724 674 1870 716 nescio

385 742 610 795 quomodo,
634 748 849 796 utcunque
871 740 1047 796 potest,2
1081 742 1225 784 indole
1251 743 1410 784 similis.
1444 743 1510 785 Ad
1533 744 1647 786 hunc
1668 758 1749 799 ego
1773 757 1870 787 con-

384 827 547 865 versus,
582 828 605 855 0
629 814 765 864 Plato,
787 814 974 866 inquam,
1004 814 1224 867 patriasne
1246 814 1471 867 avitasque
1495 814 1648 856 56(1653
1670 815 1869 870 repetas*

385 884 684 927 Athenarum?
716 885 770 925 At
792 885 863 925 ille
896 890 1089 938 repente,
1124 883 1158 926 O
1182 884 1331 937 fatum,
1366 886 1634 938 exclamavit,
1667 886 1872 940 iniquum,

384 957 501 997 nulla
533 957 635 997 mihi
668 956 773 1010 proh
808 955 940 1005 dolor,
988 956 1101 996 nulla
1138 969 1317 1009 usquam
1350 962 1484 998 restat
1521 957 1660 1011 patria
1693 957 1868 999 domus!

385 1026 419 1069 Ο
442 1027 582 1069 ferrea
606 1027 766 1079 secula,
793 1026 946 1080 quibus
967 1026 1082 1067 Mars
1104 1027 1176 1068 1116
1196 1025 1210 1048 ⁵
1243 1028 1522 1069 saevissimus
1555 1028 1720 1070 Atticas
1744 1029 1871 1070 diruit

383 1099 573 1140 Palladis
619 1099 770 1140 arces!
819 1098 915 1140 Non
959 1098 1088 1152 igitur
1119 1099 1161 1139 in
1195 1098 1393 1140 miseram
1439 1099 1676 1151 Graeciam,
1718 1100 1795 1142 sed
1827 1101 1871 1142 in

384 1171 663 1223 Pannoniam,
687 1171 862 1223 Marsili,
886 1184 953 1212 me
977 1171 1207 1213 conferam.
1236 1171 1300 1213 Ibi
1321 1171 1431 1213 enim
1452 1171 1575 1213 floret
1592 1186 1774 1226 magnus
1795 1186 1870 1214 rex

382 1244 453 1284 ille
486 1242 684 1294 Mathias,
720 1243 791 1295 qui
824 1242 929 1283 mira
963 1242 1148 1295 quadam
1175 1243 1368 1296 potentia
1401 1242 1556 1284 511111116
1589 1250 1631 1284 et
1658 1243 1871 1298 sapientia

383 1315 519 1356 fretus
552 1314 679 1356 certis
713 1314 1009 1356 relabentibus
1045 1313 1168 1354 annis
1205 1313 1358 1355 aedem
1399 1313 1563 1368 potenti
1599 1315 1869 1368 sapientique

383 1385 563 1437 Palladi,
609 1386 690 1427 hoc
724 1391 790 1426 est
823 1384 1084 1440 Graecorum
1117 1385 1354 1438 gymnasia,
1394 1384 1652 1439 reparabit.T
1705 1385 1867 1427 Ibidem

382 1464 608 1514 praeterea
626 1470 761 1511 penes
783 1470 930 1510 regem
952 1456 1092 1510 ipsum
1110 1456 1360 1498 Pannoniae
1378 1456 1671 1498 felicissimum
1689 1457 1870 1499 feliciter

381 1528 508 1572 vivifi*
530 1528 751 1569 Bandinus
774 1529 845 1569 ille
869 1541 1003 1580 meus,
1028 1528 1099 1581 qui
1124 1527 1209 1570 divi
1224 1526 1238 1549 ‘³
1261 1528 1454 1569 Platonis
1472 1529 1634 1569 natalia
1653 1529 1867 1584 quondam

382 1600 624 1642 Florentiae
671 1600 759 1641 suis
805 1599 1044 1653 sumptibus
1079 1606 1120 1641 et
1152 1606 1363 1654 apparatu
1401 1600 1520 1653 regio
1559 1600 1793 1642 celebravit
1823 1600 1869 1642 in

382 1672 500 1723 urbe,
535 1678 664 1724 atque
698 1671 827 1712 etiam
861 1677 982 1712 extra
1014 1671 1175 1722 urbem,
1210 1671 1308 1712 dum
1342 1671 1581 1712 convivium
1613 1671 1725 1713 idem
1753 1671 1869 1726 apud

382 1743 643 1784 clarissimos
675 1742 865 1784 Medices
888 1749 1058 1784 nostros
1080 1743 1404 1793 instauraretur,
1427 1743 1586 1796 primus
1600 1741 1631 1765 ¹⁰
1665 1742 1870 1784 interfuit.

381 1814 455 1856 Ibo
494 1815 623 1868 igitur
666 1815 750 1855 iam
797 1815 910 1856 celer
950 1820 991 1855 et
1025 1814 1169 1855 alacer
1211 1814 1254 1854 in
1299 1813 1566 1854 Pannoniam
1605 1813 1661 1855 ad
1693 1814 1867 1855 amicos.

382 1886 578 1939 Denique
602 1886 700 1928 huic
732 1887 825 1941 ipse
854 1886 1041 1938 inquam,
1077 1885 1208 1926 decus
1231 1885 1274 1927 id
1301 1883 1419 1926 estll
1450 1891 1654 1936 nostrum,
1687 1884 1864 1926 meliori-

381 1957 460 1999 bus
494 1963 613 1999 utere
648 1957 763 1999 fatis.
813 1957 934 2000 Vale.
956 1956 986 1979 ¹²

428 2167 667 2204 Marsilius
693 2167 886 2204 Ficinus
912 2166 1211 2203 Florentinus
1241 2166 1513 2202 Reverendo
1549 2165 1600 2201 in
1637 2165 1819 2201 Christo

427 2232 551 2279 patri
596 2232 791 2269 Domino
835 2231 1037 2269 Nicolao
1081 2232 1282 2268 Batoreo
1327 2230 1556 2277 Episcopo
1600 2229 1820 2267 vaciensi

901 2297 1139 2334 Pannonio
1180 2297 1218 2333 S.
1252 2296 1302 2332 D.
1319 2297 1347 2317 ¹³

500 2409 603 2451 Cum
657 2409 806 2463 accepi
858 2415 954 2450 tuas
997 2407 1266 2460 Bandinique
1307 2407 1491 2458 litteras,
1542 2407 1695 2460 quibus
1735 2406 1866 2448 vehe-

381 2480 595 2522 menter¹4
642 2480 848 2531 suadetis,
892 2486 937 2520 ut
981 2479 1024 2520 in
1068 2479 1334 2520 Pannoniam
1373 2478 1634 2532 proficiscar,
1673 2476 1864 2531 gratissi-

381 2565 472 2594 mus
492 2551 681 2593 Mathiae
706 2551 978 2593 serenissimo
1004 2547 1255 2591 Pannoniae
1282 2549 1375 2603 regi
1393 2549 1574 2601 futurus,
1597 2548 1863 2602 perfeceram

379 2623 463 2664 iam
496 2622 682 2676 quinque
714 2622 965 2663 Platonicae
999 2621 1237 2675 sapientiae
1272 2620 1417 2662 claves
1451 2633 1625 2673 quarum
1657 2631 1743 2660 una
1768 2631 1863 2660 cae-

500 2738 509 2757 1
538 2750 571 2782 p.
600 2739 677 2773 782.
730 2738 742 2758 2
768 2739 862 2782 patri
896 2738 949 2772 W.
1002 2738 1014 2757 ³
1042 2738 1169 2772 stellas
1203 2737 1287 2772 FH.
1339 2737 1352 2755 ⁴
1378 2740 1524 2780 repetas
1556 2735 1612 2770 W
1665 2735 1678 2755 ⁵
1702 2735 1785 2770 illae
1811 2734 1860 2768 H.

382 2798 394 2815 ‘³
422 2799 527 2832 simul
552 2798 601 2832 H.
656 2798 666 2818 ⁷
693 2799 874 2842 reparavit
906 2797 958 2831 W.
1006 2797 1017 2815 Β
1043 2797 1142 2831 vivat
1168 2796 1210 2830 F.
1252 2796 1264 2815 ⁹
1291 2796 1352 2831 diu
1373 2795 1428 2830 W.
1468 2795 1497 2814 ¹⁰
1516 2795 1665 2839 primus
1690 2793 1863 2839 hianyzik

386 2857 528 2892 W-ben.
584 2857 609 2876 ¹1
640 2857 729 2891 idest
753 2856 1084 2901 hianyzikw-ben.
1136 2854 1163 2874 ¹²
1198 2855 1285 2890 Vale
1309 2855 1482 2900 hianyzik
1514 2853 1707 2889 HW-ben.
1758 2852 1787 2873 ¹³
1811 2852 1861 2887 D.

378 2917 549 2962 hianyzik
576 2916 709 2957 F-ben‚
740 2916 776 2950 S.
804 2915 851 2949 D.
886 2915 1029 2950 W-ben.
1081 2914 1110 2936 ¹4
1135 2915 1372 2950 vehementes
1398 2914 1442 2949 F.
