1955 3278
346 137 416 171 202

464 280 536 321 fol.
561 279 630 322 5b.
661 280 810 321 Placet
841 280 969 322 etiam
991 287 1037 322 ut
1060 281 1202 336 pueris
1235 281 1341 335 ipsis
1376 281 1529 334 aliquis
1562 280 1618 323 ad
1647 281 1834 337 discipli-

345 365 442 392 nam
477 350 617 392 socius
653 349 923 404 adiungatur,
970 352 1089 393 cuius
1126 351 1384 394 emulatione
1421 352 1677 405 quibusdam
1710 353 1834 406 quasi

344 422 543 476 igniculis
577 421 880 464 accendantur.

463 493 536 535 fol.
558 492 620 534 fb.
655 492 691 533 A
723 494 1021 546 grammaticat
1053 492 1174 548 (latin
1187 493 1225 548 12)
1258 493 1400 535 multis
1425 507 1478 535 ex
1509 494 1629 536 libris
1659 495 1731 548 qui
1764 508 1834 537 ex-

343 570 437 606 tant
485 577 714 618 capessere
756 564 915 616 licebit,
963 565 1040 607 sed
1083 579 1241 620 magna
1285 579 1338 607 ex
1380 572 1502 620 parte
1535 565 1834 620 compendium

342 635 448 676 illud
481 636 628 690 optimi
660 637 851 690 parentis
886 637 969 678 mei
1001 636 1057 678 ad
1088 637 1132 678 id
1165 637 1342 679 iuvabit.

463 707 532 749 fol.
559 707 654 750 llb.
687 710 723 749 A
746 714 970 750 verstanra
992 708 1275 750 Alexander-t
1299 708 1479 762 ajanlja,
1513 714 1621 749 mert
1644 706 1836 750 mindent

343 778 666 821 Priscianusbol
688 782 874 821 meritett
899 781 945 821 es
973 786 1079 821 mert
1101 779 1345 821 versekben
1371 793 1454 821 van
1477 782 1569 822 irva
1601 778 1836 835 (k'onnyeb-

346 851 431 893 ben
463 851 823 904 megtanulhato).

463 921 535 964 fol.
558 921 653 964 122.
684 923 720 963 A
738 922 941 976 prosodia
963 921 1172 963 kedveert
1192 924 1396 964 tanacsos
1419 922 1653 976 Vergiliust
1675 923 1836 977 konyv-

345 993 494 1034 nelkiil
525 994 704 1036 tanulni.

465 1064 536 1106 fol.
565 1063 659 1107 123.
693 1064 801 1106 Illud
828 1065 909 1107 hoc
929 1065 1024 1106 loco
1057 1071 1260 1118 tanquam
1296 1079 1318 1106 e
1343 1065 1522 1119 specula
1555 1078 1834 1119 praemonere

347 1136 474 1177 velim
508 1170 516 1178 .
554 1170 560 1176 .
598 1169 606 1178 .
653 1137 866 1177 neminem
911 1149 1043 1190 posse
1093 1136 1258 1189 absque
1302 1137 1537 1178 litterarum
1585 1149 1836 1190 graecarum

347 1207 536 1249 sciencia
579 1208 622 1248 in
662 1207 742 1249 hoc
787 1221 987 1249 versuum
1035 1207 1229 1249 doctrina
1273 1207 1570 1259 fundamenta,
1616 1213 1659 1249 et-
1702 1214 1747 1249 ut
1778 1207 1838 1249 ita

347 1279 510 1332 loquar,
544 1278 776 1320 medullam
809 1279 981 1333 penitus
1013 1279 1308 1333 introspicere.
1345 1278 1444 1320 Scio
1479 1279 1706 1332 plerosque
1740 1291 1837 1320 esse

348 1350 419 1403 qui
452 1363 548 1391 eam
579 1350 723 1391 latinis
755 1350 908 1392 litteris
940 1350 1232 1392 necessaria-m
1267 1363 1365 1392 esse
1399 1356 1573 1404 negent,
1608 1350 1679 1403 qui
1711 1363 1837 1403 quam

347 1422 486 1475 ignari
517 1422 601 1476 ipsi
634 1428 745 1473 sunt,
780 1427 979 1476 optarent
1012 1422 1199 1475 reliquos
1221 1422 1419 1464 inscitiae
1453 1435 1557 1463 suae
1575 1435 1703 1476 pares
1725 1434 1837 1471 esse,

347 1500 393 1534 ut
437 1493 547 1534 inter
592 1500 759 1535 ceteros
804 1493 841 1534 si
872 1507 958 1535 non
1003 1493 1250 1547 superiores
1297 1494 1450 1534 saltem
1494 1507 1576 1535 nec
1614 1492 1839 1534 inferiores

348 1564 650 1606 iudicarentur.
683 1565 787 1606 Mihi
818 1578 920 1607 vero
954 1564 1054 1606 dum
1087 1565 1228 1606 vivam
1261 1578 1386 1606 nemo
1419 1565 1532 1606 hunc
1567 1577 1749 1606 errorem
1784 1560 1839 1618 (si

350 1649 466 1677 error
499 1634 580 1687 est)
616 1636 781 1689 eripiet,
814 1642 860 1677 ut
893 1649 989 1677 eam
1021 1649 1106 1677 non
1139 1636 1264 1677 modo
1298 1636 1459 1685 utilem,
1500 1635 1578 1677 sed
1610 1647 1839 1689 perneces-

348 1707 507 1749 sarium
538 1707 692 1748 litteris
725 1707 882 1748 nostris
916 1720 1013 1748 esse
1048 1720 1133 1748 non
1166 1707 1352 1749 credam.

466 1778 661 1831 Namque
707 1785 752 1819 ut.
796 1779 1027 1820 ommittam
1075 1778 1187 1831 quod
1234 1778 1325 1819 eius
1371 1778 1592 1820 doctrinae
1639 1783 1839 1831 expertes

348 1851 514 1892 litteras
546 1856 699 1890 natura
743 1850 898 1903 longas
933 1862 1037 1904 sepe
1069 1849 1363 1903 imprudenter
1407 1849 1678 1900 contrahunt,
1724 1848 1839 1901 quod

348 1935 487 1974 neque
533 1921 793 1975 diphtongos
838 1934 978 1974 neque
1025 1920 1154 1961 aliam
1198 1926 1316 1962 recte
1361 1920 1578 1962 scribendi
1621 1929 1837 1961 normam:

347 1989 622 2047 ὁρθεγραφίαν
639 1999 801 2043 tenent,
826 1998 1031 2044 quantum
1058 1991 1102 2032 id
1127 1998 1191 2033 est
1216 1991 1560 2041 existimandum,
1595 1990 1709 2044 quod
1743 2003 1839 2031 nos-

346 2070 505 2106 trorum
539 2064 842 2105 vocabulorum
875 2064 1061 2104 maxima
1097 2061 1183 2117 [fol.
1212 2060 1319 2116 1321]
1365 2076 1466 2117 pars
1498 2061 1598 2104 inde
1633 2062 1839 2115 originem

347 2136 487 2187 traxit,
534 2135 648 2188 quod
680 2135 812 2176 multa
845 2135 887 2175 in
921 2133 1201 2188 scriptoribus
1241 2133 1523 2188 reperiuntur,
1571 2145 1681 2186 quae
1723 2132 1839 2174 nullo

349 2206 475 2248 modo
508 2207 634 2248 huius
672 2207 818 2259 lingue
851 2206 1026 2259 ignarus
1067 2205 1310 2259 explicabit.
1345 2204 1548 2258 Virgilius
1582 2204 1839 2246 descensum

350 2278 405 2320 ad
436 2278 612 2329 inferos,
649 2277 747 2330 quia
780 2283 998 2331 nequeant
1036 2277 1209 2331 impune
1244 2289 1348 2317 aves
1381 2272 1674 2330 supervolare,
1720 2287 1840 2316 aver·

348 2365 447 2393 num
481 2350 595 2399 dicit,
642 2362 668 2390 a
699 2349 831 2402 graiis
877 2349 1152 2399 nominatum,
1199 2347 1312 2400 quod
1343 2347 1427 2401 ipsi
1458 2346 1652 2388 nimirum
1687 2345 1838 2396 scient,

349 2422 432 2464 nisi
477 2419 578 2473 ὄρνιν
612 2434 737 2462 avem
783 2420 867 2462 dici
910 2420 1132 2461 audierint.
1182 2418 1359 2460 Ovidius
1393 2418 1446 2459 de
1481 2417 1647 2459 cerberi
1679 2416 1841 2471 spumis

348 2493 531 2535 Aconita
563 2505 732 2533 venena
778 2498 880 2532 nata
914 2504 1012 2532 esse
1046 2490 1162 2541 dicit,
1198 2503 1279 2543 que
1315 2490 1414 2542 quia
1446 2494 1693 2538 nascuntur,
1735 2487 1842 2528 dura

350 2564 490 2606 vivaci
512 2578 537 2604 a
561 2570 684 2604 caute
720 2570 919 2616 agrestes
942 2562 1114 2604 aconita
1135 2568 1316 2611 vocant3
1356 2561 1449 2613 quis
1483 2559 1565 2600 hoc
1597 2557 1842 2600 enucleabit

350 2635 435 2676 nisi
481 2632 630 2687 ἀκόνην
672 2640 839 2675 cautem
887 2633 970 2675 dici
1008 2633 1129 2674 sciat.
1181 2632 1343 2685 Syllam
1375 2631 1482 2684 Nysi
1522 2629 1839 2684 Megarensium

350 2706 465 2759 regis
497 2705 628 2747 filiam
662 2705 705 2745 in
736 2718 859 2747 avem
883 2717 1135 2746 conversam
1159 2703 1273 2754 dicit,
1309 2716 1435 2755 quam
1468 2716 1493 2743 a
1525 2709 1649 2744 tonso
1684 2699 1840 2754 capillo

350 2777 448 2818 ciris
495 2784 559 2818 est
592 2777 811 2817 nominata
845 2775 958 2828 quod
1003 2788 1128 2816 nemo
1176 2788 1281 2816 sane
1326 2774 1554 2828 intelliget,
1600 2773 1682 2814 nisi
1720 2773 1839 2824 κείρω

350 2848 509 2889 tondeo
545 2861 642 2889 esse
677 2847 886 2889 didicerit.
933 2847 1145 2888 Venerem
1180 2859 1347 2899 quoque
1387 2845 1430 2886 in
1462 2845 1587 2886 fastis
1621 2857 1646 2885 a
1679 2843 1840 2897 spumis

351 2920 479 2960 maris
524 2919 785 2960 nominatam
832 2918 1000 2969 asserit,
1047 2917 1160 2970 quod
1207 2931 1286 2959 nec
1331 2917 1414 2971 ipsi
1459 2915 1714 2969 intelligent,
1759 2913 1841 2954 nisi
