<?xml version="1.0" encoding="UTF-8"?>
<!DOCTYPE html PUBLIC "-//W3C//DTD XHTML 1.0 Transitional//EN"
    "http://www.w3.org/TR/xhtml1/DTD/xhtml1-transitional.dtd">
<html xmlns="http://www.w3.org/1999/xhtml" xml:lang="en" lang="en">
 <head>
  <title>
</title>
<meta http-equiv="Content-Type" content="text/html;charset=utf-8" />
  <meta name='ocr-system' content='tesseract 3.04.00' />
  <meta name='ocr-capabilities' content='ocr_page ocr_carea ocr_par ocr_line ocrx_word'/>
</head>
<body>
  <div class='ocr_page' id='page_1' title='image "analectanovaadhi00beuoft_0432.png"; bbox 0 0 1919 3273; ppageno 0'>
   <div class='ocr_carea' id='block_1_1' title="bbox 291 87 360 122">
    <p class='ocr_par' dir='ltr' id='par_1_1' title="bbox 291 87 360 122">
     <span class='ocr_line' id='line_1_1' title="bbox 291 87 360 122; baseline -0.014 0"><span class='ocrx_word' id='word_1_1' title='bbox 291 87 360 122; x_wconf 87' lang='grc'>390</span> 
     </span>
    </p>
   </div>
   <div class='ocr_carea' id='block_1_2' title="bbox 340 238 1521 294">
    <p class='ocr_par' dir='ltr' id='par_1_2' title="bbox 340 238 1521 294">
     <span class='ocr_line' id='line_1_2' title="bbox 340 238 1521 294; baseline 0.002 -12"><span class='ocrx_word' id='word_1_2' title='bbox 340 252 383 286; x_wconf 90' lang='lat'>10</span> <span class='ocrx_word' id='word_1_3' title='bbox 440 240 526 282; x_wconf 87' lang='lat' dir='ltr'>Iste</span> <span class='ocrx_word' id='word_1_4' title='bbox 561 252 639 281; x_wconf 87' lang='lat' dir='ltr'>sua</span> <span class='ocrx_word' id='word_1_5' title='bbox 672 238 866 281; x_wconf 79' lang='lat' dir='ltr'>Geticam</span> <span class='ocrx_word' id='word_1_6' title='bbox 898 239 1093 294; x_wconf 88' lang='lat' dir='ltr'>placaret</span> <span class='ocrx_word' id='word_1_7' title='bbox 1123 240 1264 282; x_wconf 88' lang='lat' dir='ltr'>fronte</span> <span class='ocrx_word' id='word_1_8' title='bbox 1295 242 1521 285; x_wconf 88' lang='lat' dir='ltr'>iuvencam</span> 
     </span>
    </p>
   </div>
   <div class='ocr_carea' id='block_1_3' title="bbox 436 311 1636 504">
    <p class='ocr_par' dir='ltr' id='par_1_3' title="bbox 436 311 1636 504">
     <span class='ocr_line' id='line_1_3' title="bbox 500 311 1485 366; baseline 0.001 -12"><span class='ocrx_word' id='word_1_9' title='bbox 500 311 782 354; x_wconf 82' lang='lat' dir='ltr'><strong>Sarmaticam</strong></span> <span class='ocrx_word' id='word_1_10' title='bbox 814 312 976 366; x_wconf 87' lang='lat' dir='ltr'>pariter</span> <span class='ocrx_word' id='word_1_11' title='bbox 1007 313 1167 354; x_wconf 89' lang='lat' dir='ltr'>vertice</span> <span class='ocrx_word' id='word_1_12' title='bbox 1200 313 1301 354; x_wconf 91' lang='lat' dir='ltr'>mite</span> <span class='ocrx_word' id='word_1_13' title='bbox 1334 313 1485 366; x_wconf 80' lang='lat' dir='ltr'>feram,</span> 
     </span>
     <span class='ocr_line' id='line_1_4' title="bbox 436 383 1636 439; baseline 0.003 -14"><span class='ocrx_word' id='word_1_14' title='bbox 436 383 533 425; x_wconf 93' lang='lat' dir='ltr'>Non</span> <span class='ocrx_word' id='word_1_15' title='bbox 566 383 689 424; x_wconf 89' lang='lat' dir='ltr'>dotes</span> <span class='ocrx_word' id='word_1_16' title='bbox 722 383 956 425; x_wconf 80' lang='lat' dir='ltr'>numerabo</span> <span class='ocrx_word' id='word_1_17' title='bbox 990 390 1086 425; x_wconf 89' lang='lat' dir='ltr'>tuas</span> <span class='ocrx_word' id='word_1_18' title='bbox 1121 397 1201 426; x_wconf 90' lang='lat' dir='ltr'>nec</span> <span class='ocrx_word' id='word_1_19' title='bbox 1230 385 1421 439; x_wconf 90' lang='lat' dir='ltr'>corporis</span> <span class='ocrx_word' id='word_1_20' title='bbox 1444 385 1636 428; x_wconf 90' lang='lat' dir='ltr'>umbram</span> 
     </span>
     <span class='ocr_line' id='line_1_5' title="bbox 496 454 1539 504; baseline 0.001 -9"><span class='ocrx_word' id='word_1_21' title='bbox 496 454 621 504; x_wconf 81' lang='lat' dir='ltr'>Quod</span> <span class='ocrx_word' id='word_1_22' title='bbox 655 467 828 496; x_wconf 86' lang='lat' dir='ltr'>cernam</span> <span class='ocrx_word' id='word_1_23' title='bbox 861 455 999 496; x_wconf 87' lang='lat' dir='ltr'>maius</span> <span class='ocrx_word' id='word_1_24' title='bbox 1032 462 1075 495; x_wconf 87' lang='lat' dir='ltr'>tu</span> <span class='ocrx_word' id='word_1_25' title='bbox 1109 455 1192 496; x_wconf 90' lang='lat' dir='ltr'>nisi</span> <span class='ocrx_word' id='word_1_26' title='bbox 1224 456 1357 497; x_wconf 89' lang='lat' dir='ltr'>maior</span> <span class='ocrx_word' id='word_1_27' title='bbox 1389 456 1539 498; x_wconf 90' lang='lat' dir='ltr'>habes.</span> 
     </span>
    </p>
   </div>
   <div class='ocr_carea' id='block_1_4' title="bbox 282 715 1825 845">
    <p class='ocr_par' dir='ltr' id='par_1_4' title="bbox 282 715 1825 845">
     <span class='ocr_line' id='line_1_6' title="bbox 290 715 1825 779; baseline 0.003 -22"><span class='ocrx_word' id='word_1_28' title='bbox 290 715 361 757; x_wconf 77' lang='lat' dir='ltr'>Ad</span> <span class='ocrx_word' id='word_1_29' title='bbox 379 716 560 758; x_wconf 73' lang='lat' dir='ltr'>eundem</span> <span class='ocrx_word' id='word_1_30' title='bbox 583 715 728 758; x_wconf 66' lang='lat' dir='ltr'>divum</span> <span class='ocrx_word' id='word_1_31' title='bbox 755 715 1053 758; x_wconf 58' lang='lat' dir='ltr'>Vulctchslaum</span> <span class='ocrx_word' id='word_1_32' title='bbox 1081 717 1313 773; x_wconf 69' lang='lat' dir='ltr'>Hunyarz&#39;e</span> <span class='ocrx_word' id='word_1_33' title='bbox 1340 723 1377 760; x_wconf 73' lang='lat' dir='ltr'>et</span> <span class='ocrx_word' id='word_1_34' title='bbox 1398 719 1598 761; x_wconf 76' lang='lat' dir='ltr'>Bohemie</span> <span class='ocrx_word' id='word_1_35' title='bbox 1621 719 1779 776; x_wconf 70' lang='lat' dir='ltr'>Reqem</span> <span class='ocrx_word' id='word_1_36' title='bbox 1821 776 1825 779; x_wconf 91' lang='lat'>.</span> 
     </span>
     <span class='ocr_line' id='line_1_7' title="bbox 282 787 1781 845; baseline 0.003 -16"><span class='ocrx_word' id='word_1_37' title='bbox 282 787 504 841; x_wconf 69' lang='lat' dir='ltr'>potentiss.</span> <span class='ocrx_word' id='word_1_38' title='bbox 548 787 822 843; x_wconf 71' lang='lat' dir='ltr'>epiyramma,</span> <span class='ocrx_word' id='word_1_39' title='bbox 870 802 951 841; x_wconf 74' lang='lat' dir='ltr'>quo</span> <span class='ocrx_word' id='word_1_40' title='bbox 989 793 1117 841; x_wconf 73' lang='lat' dir='ltr'>poeta</span> <span class='ocrx_word' id='word_1_41' title='bbox 1161 788 1326 831; x_wconf 64' lang='lat' dir='ltr'>indicat</span> <span class='ocrx_word' id='word_1_42' title='bbox 1370 805 1456 832; x_wconf 77' lang='lat' dir='ltr'>esse</span> <span class='ocrx_word' id='word_1_43' title='bbox 1499 790 1581 833; x_wconf 72' lang='lat' dir='ltr'>sibi</span> <span class='ocrx_word' id='word_1_44' title='bbox 1617 806 1781 845; x_wconf 74' lang='lat' dir='ltr'>quoque</span> 
     </span>
    </p>
   </div>
   <div class='ocr_carea' id='block_1_5' title="bbox 334 1719 379 1753">
    <p class='ocr_par' dir='ltr' id='par_1_5' title="bbox 334 1719 379 1753">
     <span class='ocr_line' id='line_1_8' title="bbox 334 1719 379 1753; baseline 0.022 -1"><span class='ocrx_word' id='word_1_45' title='bbox 334 1719 379 1753; x_wconf 83' lang='lat'>10</span> 
     </span>
    </p>
   </div>
   <div class='ocr_carea' id='block_1_6' title="bbox 336 2077 378 2110">
    <p class='ocr_par' dir='ltr' id='par_1_6' title="bbox 336 2077 378 2110">
     <span class='ocr_line' id='line_1_9' title="bbox 336 2077 378 2110; baseline 0.024 -1"><span class='ocrx_word' id='word_1_46' title='bbox 336 2077 378 2110; x_wconf 85' lang='lat'>15</span> 
     </span>
    </p>
   </div>
   <div class='ocr_carea' id='block_1_7' title="bbox 335 2433 380 2467">
    <p class='ocr_par' dir='ltr' id='par_1_7' title="bbox 335 2433 380 2467">
     <span class='ocr_line' id='line_1_10' title="bbox 335 2433 380 2467; baseline 0.022 -1"><span class='ocrx_word' id='word_1_47' title='bbox 335 2433 380 2467; x_wconf 80' lang='lat'>20</span> 
     </span>
    </p>
   </div>
   <div class='ocr_carea' id='block_1_8' title="bbox 637 860 1428 914">
    <p class='ocr_par' dir='ltr' id='par_1_8' title="bbox 637 860 1428 914">
     <span class='ocr_line' id='line_1_11' title="bbox 637 860 1428 914; baseline 0.001 -12"><span class='ocrx_word' id='word_1_48' title='bbox 637 860 791 914; x_wconf 74' lang='lat' dir='ltr'>templa</span> <span class='ocrx_word' id='word_1_49' title='bbox 823 864 861 901; x_wconf 74' lang='lat' dir='ltr'>et</span> <span class='ocrx_word' id='word_1_50' title='bbox 894 864 1171 902; x_wconf 71' lang='lat' dir='ltr'>monumenta</span> <span class='ocrx_word' id='word_1_51' title='bbox 1202 862 1428 903; x_wconf 74' lang='lat' dir='ltr'>sacranda.</span> 
     </span>
    </p>
   </div>
   <div class='ocr_carea' id='block_1_9' title="bbox 923 954 1146 997">
    <p class='ocr_par' dir='ltr' id='par_1_9' title="bbox 923 954 1146 997">
     <span class='ocr_line' id='line_1_12' title="bbox 923 954 1146 997; baseline 0 -9"><span class='ocrx_word' id='word_1_52' title='bbox 923 954 1146 997; x_wconf 79' lang='lat' dir='ltr'>(Lilaszinii.)</span> 
     </span>
    </p>
   </div>
   <div class='ocr_carea' id='block_1_10' title="bbox 434 1063 1745 2608">
    <p class='ocr_par' dir='ltr' id='par_1_10' title="bbox 438 1063 1461 1189">
     <span class='ocr_line' id='line_1_13' title="bbox 438 1063 1461 1117; baseline 0.001 -12"><span class='ocrx_word' id='word_1_53' title='bbox 438 1063 502 1106; x_wconf 82' lang='lat' dir='ltr'>Sit</span> <span class='ocrx_word' id='word_1_54' title='bbox 535 1069 707 1105; x_wconf 89' lang='lat' dir='ltr'>sacrata</span> <span class='ocrx_word' id='word_1_55' title='bbox 740 1077 816 1105; x_wconf 89' lang='lat' dir='ltr'>suo</span> <span class='ocrx_word' id='word_1_56' title='bbox 851 1063 1045 1117; x_wconf 85' lang='lat' dir='ltr'>quamvis</span> <span class='ocrx_word' id='word_1_57' title='bbox 1077 1064 1263 1106; x_wconf 89' lang='lat' dir='ltr'>Dodona</span> <span class='ocrx_word' id='word_1_58' title='bbox 1294 1065 1461 1106; x_wconf 85' lang='lat' dir='ltr'>tonanti</span> 
     </span>
     <span class='ocr_line' id='line_1_14' title="bbox 497 1135 1410 1189; baseline 0.002 -13"><span class='ocrx_word' id='word_1_59' title='bbox 497 1136 550 1176; x_wconf 89' lang='lat' dir='ltr'>Et</span> <span class='ocrx_word' id='word_1_60' title='bbox 582 1135 695 1177; x_wconf 87' lang='lat' dir='ltr'>Iovis</span> <span class='ocrx_word' id='word_1_61' title='bbox 728 1135 849 1177; x_wconf 76' lang='lat' dir='ltr'>uxori</span> <span class='ocrx_word' id='word_1_62' title='bbox 883 1135 1038 1177; x_wconf 81' lang='lat' dir='ltr'>Grecia</span> <span class='ocrx_word' id='word_1_63' title='bbox 1071 1136 1210 1189; x_wconf 82' lang='lat' dir='ltr'>sitque</span> <span class='ocrx_word' id='word_1_64' title='bbox 1245 1135 1410 1178; x_wconf 82' lang='lat' dir='ltr'>Samos.</span> 
     </span>
    </p>

    <p class='ocr_par' dir='ltr' id='par_1_11' title="bbox 435 1206 1593 1332">
     <span class='ocr_line' id='line_1_15' title="bbox 435 1206 1593 1262; baseline 0.001 -14"><span class='ocrx_word' id='word_1_65' title='bbox 435 1207 515 1248; x_wconf 91' lang='lat' dir='ltr'>Vel</span> <span class='ocrx_word' id='word_1_66' title='bbox 548 1220 626 1248; x_wconf 89' lang='lat' dir='ltr'>sua</span> <span class='ocrx_word' id='word_1_67' title='bbox 657 1206 884 1249; x_wconf 86' lang='lat' dir='ltr'>fluctisono</span> <span class='ocrx_word' id='word_1_68' title='bbox 916 1207 1019 1249; x_wconf 89' lang='lat' dir='ltr'>licet</span> <span class='ocrx_word' id='word_1_69' title='bbox 1051 1207 1132 1248; x_wconf 93' lang='lat' dir='ltr'>hec</span> <span class='ocrx_word' id='word_1_70' title='bbox 1166 1207 1249 1248; x_wconf 88' lang='lat' dir='ltr'>sint</span> <span class='ocrx_word' id='word_1_71' title='bbox 1281 1208 1456 1249; x_wconf 86' lang='lat' dir='ltr'>numina</span> <span class='ocrx_word' id='word_1_72' title='bbox 1487 1208 1593 1262; x_wconf 86' lang='lat' dir='ltr'>regi,</span> 
     </span>
     <span class='ocr_line' id='line_1_16' title="bbox 498 1278 1488 1332; baseline 0 -12"><span class='ocrx_word' id='word_1_73' title='bbox 498 1278 668 1320; x_wconf 83' lang='lat' dir='ltr'>Gratior</span> <span class='ocrx_word' id='word_1_74' title='bbox 700 1279 925 1332; x_wconf 66' lang='lat' dir='ltr'>anguifero</span> <span class='ocrx_word' id='word_1_75' title='bbox 961 1279 1015 1320; x_wconf 84' lang='lat' dir='ltr'>sit</span> <span class='ocrx_word' id='word_1_76' title='bbox 1048 1292 1217 1332; x_wconf 89' lang='lat' dir='ltr'>quoque</span> <span class='ocrx_word' id='word_1_77' title='bbox 1250 1278 1364 1320; x_wconf 78' lang='lat' dir='ltr'>oliva</span> <span class='ocrx_word' id='word_1_78' title='bbox 1396 1278 1488 1327; x_wconf 80' lang='lat' dir='ltr'>dee.</span> 
     </span>
    </p>

    <p class='ocr_par' dir='ltr' id='par_1_12' title="bbox 434 1348 1745 1476">
     <span class='ocr_line' id='line_1_17' title="bbox 434 1348 1745 1405; baseline 0.002 -14"><span class='ocrx_word' id='word_1_79' title='bbox 434 1350 616 1404; x_wconf 88' lang='lat' dir='ltr'>Phytius</span> <span class='ocrx_word' id='word_1_80' title='bbox 636 1348 679 1405; x_wconf 80' lang='lat'>(1)</span> <span class='ocrx_word' id='word_1_81' title='bbox 703 1356 776 1392; x_wconf 92' lang='lat' dir='ltr'>aut</span> <span class='ocrx_word' id='word_1_82' title='bbox 798 1351 966 1392; x_wconf 85' lang='lat' dir='ltr'>habitat</span> <span class='ocrx_word' id='word_1_83' title='bbox 987 1350 1191 1404; x_wconf 87' lang='lat' dir='ltr'>pharetra</span> <span class='ocrx_word' id='word_1_84' title='bbox 1215 1363 1292 1392; x_wconf 92' lang='lat' dir='ltr'>seu</span> <span class='ocrx_word' id='word_1_85' title='bbox 1316 1351 1504 1392; x_wconf 78' lang='lat' dir='ltr'>carmine</span> <span class='ocrx_word' id='word_1_86' title='bbox 1528 1350 1745 1405; x_wconf 84' lang='lat' dir='ltr'>Delphon‚</span> 
     </span>
     <span class='ocr_line' id='line_1_18' title="bbox 492 1421 1528 1476; baseline 0.001 -13"><span class='ocrx_word' id='word_1_87' title='bbox 492 1422 621 1463; x_wconf 89' lang='lat' dir='ltr'>Delia</span> <span class='ocrx_word' id='word_1_88' title='bbox 652 1423 722 1465; x_wconf 87' lang='lat' dir='ltr'>vel</span> <span class='ocrx_word' id='word_1_89' title='bbox 756 1421 925 1474; x_wconf 78' lang='lat' dir='ltr'>Creten,</span> <span class='ocrx_word' id='word_1_90' title='bbox 962 1422 1329 1476; x_wconf 85' lang='lat' dir='ltr'>Cynthiacumque</span> <span class='ocrx_word' id='word_1_91' title='bbox 1362 1435 1528 1464; x_wconf 87' lang='lat' dir='ltr'>nemus.</span> 
     </span>
    </p>

    <p class='ocr_par' dir='ltr' id='par_1_13' title="bbox 436 1493 1671 1619">
     <span class='ocr_line' id='line_1_19' title="bbox 436 1493 1603 1548; baseline -0.001 -13"><span class='ocrx_word' id='word_1_92' title='bbox 436 1494 637 1536; x_wconf 88' lang='lat' dir='ltr'>Menalon</span> <span class='ocrx_word' id='word_1_93' title='bbox 671 1501 712 1535; x_wconf 89' lang='lat' dir='ltr'>et</span> <span class='ocrx_word' id='word_1_94' title='bbox 744 1494 951 1535; x_wconf 89' lang='lat' dir='ltr'>Phaunus</span> <span class='ocrx_word' id='word_1_95' title='bbox 984 1500 1205 1548; x_wconf 84' lang='lat' dir='ltr'>pastorum</span> <span class='ocrx_word' id='word_1_96' title='bbox 1239 1494 1375 1535; x_wconf 89' lang='lat' dir='ltr'>cultor</span> <span class='ocrx_word' id='word_1_97' title='bbox 1406 1493 1603 1545; x_wconf 81' lang='lat' dir='ltr'>honorat,</span> 
     </span>
     <span class='ocr_line' id='line_1_20' title="bbox 492 1564 1671 1619; baseline 0 -12"><span class='ocrx_word' id='word_1_98' title='bbox 492 1566 741 1619; x_wconf 82' lang='lat' dir='ltr'>Faustaque</span> <span class='ocrx_word' id='word_1_99' title='bbox 776 1579 872 1607; x_wconf 93' lang='lat' dir='ltr'>cum</span> <span class='ocrx_word' id='word_1_100' title='bbox 905 1565 1076 1607; x_wconf 86' lang='lat' dir='ltr'>domino</span> <span class='ocrx_word' id='word_1_101' title='bbox 1111 1572 1178 1606; x_wconf 86' lang='lat' dir='ltr'>sta</span> <span class='ocrx_word' id='word_1_102' title='bbox 1210 1565 1451 1607; x_wconf 81' lang='lat' dir='ltr'>Phaetonte</span> <span class='ocrx_word' id='word_1_103' title='bbox 1484 1564 1671 1607; x_wconf 85' lang='lat' dir='ltr'>Rhodos.</span> 
     </span>
    </p>

    <p class='ocr_par' dir='ltr' id='par_1_14' title="bbox 434 1637 1569 1762">
     <span class='ocr_line' id='line_1_21' title="bbox 434 1637 1569 1691; baseline -0.002 -12"><span class='ocrx_word' id='word_1_104' title='bbox 434 1638 568 1679; x_wconf 88' lang='lat' dir='ltr'>Tibur</span> <span class='ocrx_word' id='word_1_105' title='bbox 601 1643 643 1679; x_wconf 92' lang='lat' dir='ltr'>et</span> <span class='ocrx_word' id='word_1_106' title='bbox 674 1637 889 1678; x_wconf 90' lang='lat' dir='ltr'>horrendo</span> <span class='ocrx_word' id='word_1_107' title='bbox 925 1637 1053 1678; x_wconf 89' lang='lat' dir='ltr'>sedes</span> <span class='ocrx_word' id='word_1_108' title='bbox 1086 1637 1333 1691; x_wconf 81' lang='lat' dir='ltr'>gratissima</span> <span class='ocrx_word' id='word_1_109' title='bbox 1365 1643 1569 1688; x_wconf 80' lang='lat' dir='ltr'>monstro,</span> 
     </span>
     <span class='ocr_line' id='line_1_22' title="bbox 496 1708 1434 1762; baseline -0.001 -12"><span class='ocrx_word' id='word_1_110' title='bbox 496 1708 689 1751; x_wconf 79' lang='lat' dir='ltr'>Gadibus</span> <span class='ocrx_word' id='word_1_111' title='bbox 721 1709 946 1750; x_wconf 79' lang='lat' dir='ltr'>Herculeis</span> <span class='ocrx_word' id='word_1_112' title='bbox 981 1715 1022 1750; x_wconf 91' lang='lat' dir='ltr'>et</span> <span class='ocrx_word' id='word_1_113' title='bbox 1056 1708 1159 1750; x_wconf 85' lang='lat' dir='ltr'>data</span> <span class='ocrx_word' id='word_1_114' title='bbox 1191 1710 1317 1762; x_wconf 84' lang='lat' dir='ltr'>signa</span> <span class='ocrx_word' id='word_1_115' title='bbox 1349 1708 1434 1750; x_wconf 89' lang='lat' dir='ltr'>diu.</span> 
     </span>
    </p>

    <p class='ocr_par' dir='ltr' id='par_1_15' title="bbox 437 1780 1492 1832">
     <span class='ocr_line' id='line_1_23' title="bbox 437 1780 1492 1832; baseline -0.001 -10"><span class='ocrx_word' id='word_1_116' title='bbox 437 1781 491 1822; x_wconf 82' lang='lat' dir='ltr'>Et</span> <span class='ocrx_word' id='word_1_117' title='bbox 524 1781 654 1822; x_wconf 90' lang='lat' dir='ltr'>celeri</span> <span class='ocrx_word' id='word_1_118' title='bbox 687 1780 846 1822; x_wconf 81' lang='lat' dir='ltr'>dilecta</span> <span class='ocrx_word' id='word_1_119' title='bbox 879 1780 975 1832; x_wconf 75' lang='lat' dir='ltr'>deo,</span> <span class='ocrx_word' id='word_1_120' title='bbox 1011 1780 1160 1822; x_wconf 88' lang='lat' dir='ltr'>domus</span> <span class='ocrx_word' id='word_1_121' title='bbox 1193 1780 1293 1821; x_wconf 91' lang='lat' dir='ltr'>inde</span> <span class='ocrx_word' id='word_1_122' title='bbox 1326 1780 1492 1832; x_wconf 76' lang='lat' dir='ltr'>nivosa,</span> 
     </span>
    </p>

    <p class='ocr_par' dir='ltr' id='par_1_16' title="bbox 454 1851 1485 1906">
     <span class='ocr_line' id='line_1_24' title="bbox 454 1851 1485 1906; baseline -0.002 -12"><span class='ocrx_word' id='word_1_123' title='bbox 454 1866 457 1869; x_wconf 58' lang='lat'><strong>⁴</strong></span> <span class='ocrx_word' id='word_1_124' title='bbox 497 1852 611 1901; x_wconf 62' lang='lat' dir='ltr'>Seva</span> <span class='ocrx_word' id='word_1_125' title='bbox 644 1852 880 1894; x_wconf 88' lang='lat' dir='ltr'>cruentatis</span> <span class='ocrx_word' id='word_1_126' title='bbox 913 1851 1100 1893; x_wconf 89' lang='lat' dir='ltr'>Lemnos</span> <span class='ocrx_word' id='word_1_127' title='bbox 1134 1858 1176 1893; x_wconf 91' lang='lat' dir='ltr'>et</span> <span class='ocrx_word' id='word_1_128' title='bbox 1209 1852 1305 1906; x_wconf 85' lang='lat' dir='ltr'>ipsa</span> <span class='ocrx_word' id='word_1_129' title='bbox 1337 1851 1485 1893; x_wconf 88' lang='lat' dir='ltr'>thoris.</span> 
     </span>
    </p>

    <p class='ocr_par' dir='ltr' id='par_1_17' title="bbox 436 1922 1642 2048">
     <span class='ocr_line' id='line_1_25' title="bbox 436 1922 1642 1976; baseline -0.002 -11"><span class='ocrx_word' id='word_1_130' title='bbox 436 1924 688 1976; x_wconf 68' lang='lat' dir='ltr'>Aetneeque</span> <span class='ocrx_word' id='word_1_131' title='bbox 711 1936 842 1964; x_wconf 89' lang='lat' dir='ltr'>nurus</span> <span class='ocrx_word' id='word_1_132' title='bbox 865 1923 1077 1974; x_wconf 80' lang='lat' dir='ltr'>Cererem,</span> <span class='ocrx_word' id='word_1_133' title='bbox 1112 1935 1194 1976; x_wconf 71' lang='lat' dir='ltr'>quc</span> <span class='ocrx_word' id='word_1_134' title='bbox 1217 1923 1341 1964; x_wconf 90' lang='lat' dir='ltr'>thure</span> <span class='ocrx_word' id='word_1_135' title='bbox 1364 1922 1642 1975; x_wconf 88' lang='lat' dir='ltr'>frequentant</span> 
     </span>
     <span class='ocr_line' id='line_1_26' title="bbox 494 1994 1531 2048; baseline 0 -12"><span class='ocrx_word' id='word_1_136' title='bbox 494 1996 547 2036; x_wconf 87' lang='lat' dir='ltr'>Et</span> <span class='ocrx_word' id='word_1_137' title='bbox 579 2001 725 2036; x_wconf 88' lang='lat' dir='ltr'>natam</span> <span class='ocrx_word' id='word_1_138' title='bbox 758 1994 931 2048; x_wconf 79' lang='lat' dir='ltr'>Stygios</span> <span class='ocrx_word' id='word_1_139' title='bbox 966 2008 1047 2048; x_wconf 87' lang='lat' dir='ltr'>que</span> <span class='ocrx_word' id='word_1_140' title='bbox 1080 2009 1161 2037; x_wconf 88' lang='lat' dir='ltr'>nec</span> <span class='ocrx_word' id='word_1_141' title='bbox 1193 1995 1350 2037; x_wconf 86' lang='lat' dir='ltr'>avebat</span> <span class='ocrx_word' id='word_1_142' title='bbox 1384 2008 1531 2048; x_wconf 91' lang='lat' dir='ltr'>equos.</span> 
     </span>
    </p>

    <p class='ocr_par' dir='ltr' id='par_1_18' title="bbox 435 2066 1621 2192">
     <span class='ocr_line' id='line_1_27' title="bbox 435 2066 1621 2121; baseline 0 -14"><span class='ocrx_word' id='word_1_143' title='bbox 435 2067 725 2119; x_wconf 76' lang='lat' dir='ltr'>Formoseque</span> <span class='ocrx_word' id='word_1_144' title='bbox 757 2067 933 2121; x_wconf 87' lang='lat' dir='ltr'>Paphos</span> <span class='ocrx_word' id='word_1_145' title='bbox 965 2066 1147 2108; x_wconf 89' lang='lat' dir='ltr'>Veneris</span> <span class='ocrx_word' id='word_1_146' title='bbox 1180 2067 1408 2107; x_wconf 89' lang='lat' dir='ltr'>simulacra</span> <span class='ocrx_word' id='word_1_147' title='bbox 1440 2073 1621 2120; x_wconf 86' lang='lat' dir='ltr'>vaporat</span> 
     </span>
     <span class='ocr_line' id='line_1_28' title="bbox 495 2137 1334 2192; baseline -0.001 -13"><span class='ocrx_word' id='word_1_148' title='bbox 495 2138 551 2180; x_wconf 85' lang='lat' dir='ltr'>Ut</span> <span class='ocrx_word' id='word_1_149' title='bbox 582 2137 663 2179; x_wconf 89' lang='lat' dir='ltr'>fuit</span> <span class='ocrx_word' id='word_1_150' title='bbox 694 2137 861 2179; x_wconf 88' lang='lat' dir='ltr'>undoso</span> <span class='ocrx_word' id='word_1_151' title='bbox 896 2137 996 2179; x_wconf 87' lang='lat' dir='ltr'>diva</span> <span class='ocrx_word' id='word_1_152' title='bbox 1028 2144 1200 2192; x_wconf 86' lang='lat' dir='ltr'>reperta</span> <span class='ocrx_word' id='word_1_153' title='bbox 1232 2138 1334 2179; x_wconf 86' lang='lat' dir='ltr'>sale.</span> 
     </span>
    </p>

    <p class='ocr_par' dir='ltr' id='par_1_19' title="bbox 434 2208 1623 2322">
     <span class='ocr_line' id='line_1_29' title="bbox 434 2208 1623 2263; baseline -0.001 -13"><span class='ocrx_word' id='word_1_154' title='bbox 434 2209 583 2251; x_wconf 86' lang='lat' dir='ltr'>Flavia</span> <span class='ocrx_word' id='word_1_155' title='bbox 614 2210 775 2263; x_wconf 86' lang='lat' dir='ltr'>templa</span> <span class='ocrx_word' id='word_1_156' title='bbox 808 2215 962 2263; x_wconf 88' lang='lat' dir='ltr'>potens</span> <span class='ocrx_word' id='word_1_157' title='bbox 996 2209 1094 2250; x_wconf 91' lang='lat' dir='ltr'>huic</span> <span class='ocrx_word' id='word_1_158' title='bbox 1126 2209 1235 2263; x_wconf 83' lang='lat' dir='ltr'>Regi</span> <span class='ocrx_word' id='word_1_159' title='bbox 1267 2214 1466 2250; x_wconf 88' lang='lat' dir='ltr'>construe</span> <span class='ocrx_word' id='word_1_160' title='bbox 1499 2208 1623 2258; x_wconf 73' lang='lat' dir='ltr'>votis,</span> 
     </span>
     <span class='ocr_line' id='line_1_30' title="bbox 493 2280 1598 2322; baseline 0 -1"><span class='ocrx_word' id='word_1_161' title='bbox 493 2281 629 2322; x_wconf 87' lang='lat' dir='ltr'>Roma</span> <span class='ocrx_word' id='word_1_162' title='bbox 661 2286 777 2322; x_wconf 89' lang='lat' dir='ltr'>tuum</span> <span class='ocrx_word' id='word_1_163' title='bbox 812 2281 965 2322; x_wconf 87' lang='lat' dir='ltr'>castris</span> <span class='ocrx_word' id='word_1_164' title='bbox 998 2281 1082 2322; x_wconf 87' lang='lat' dir='ltr'>iam</span> <span class='ocrx_word' id='word_1_165' title='bbox 1115 2281 1225 2322; x_wconf 90' lang='lat' dir='ltr'>bene</span> <span class='ocrx_word' id='word_1_166' title='bbox 1258 2294 1416 2322; x_wconf 92' lang='lat' dir='ltr'>numen</span> <span class='ocrx_word' id='word_1_167' title='bbox 1449 2280 1598 2321; x_wconf 89' lang='lat' dir='ltr'>habes.</span> 
     </span>
    </p>

    <p class='ocr_par' dir='ltr' id='par_1_20' title="bbox 436 2351 1600 2478">
     <span class='ocr_line' id='line_1_31' title="bbox 436 2351 1419 2406; baseline -0.001 -13"><span class='ocrx_word' id='word_1_168' title='bbox 436 2352 535 2393; x_wconf 89' lang='lat' dir='ltr'>Vati</span> <span class='ocrx_word' id='word_1_169' title='bbox 567 2358 692 2406; x_wconf 86' lang='lat' dir='ltr'>grata</span> <span class='ocrx_word' id='word_1_170' title='bbox 722 2359 809 2404; x_wconf 85' lang='lat' dir='ltr'>tuo,</span> <span class='ocrx_word' id='word_1_171' title='bbox 843 2365 1015 2406; x_wconf 91' lang='lat' dir='ltr'>semper</span> <span class='ocrx_word' id='word_1_172' title='bbox 1048 2351 1258 2394; x_wconf 86' lang='lat' dir='ltr'>ditissima</span> <span class='ocrx_word' id='word_1_173' title='bbox 1290 2351 1419 2392; x_wconf 89' lang='lat' dir='ltr'>tellus</span> 
     </span>
     <span class='ocr_line' id='line_1_32' title="bbox 495 2422 1600 2478; baseline -0.001 -14"><span class='ocrx_word' id='word_1_174' title='bbox 495 2423 720 2478; x_wconf 68' lang='lat' dir='ltr'>Principis,</span> <span class='ocrx_word' id='word_1_175' title='bbox 755 2429 796 2464; x_wconf 87' lang='lat' dir='ltr'>et</span> <span class='ocrx_word' id='word_1_176' title='bbox 828 2423 975 2477; x_wconf 74' lang='lat' dir='ltr'>Regis,</span> <span class='ocrx_word' id='word_1_177' title='bbox 1011 2436 1105 2465; x_wconf 90' lang='lat' dir='ltr'>cum</span> <span class='ocrx_word' id='word_1_178' title='bbox 1137 2436 1265 2477; x_wconf 89' lang='lat' dir='ltr'>prece</span> <span class='ocrx_word' id='word_1_179' title='bbox 1299 2423 1461 2477; x_wconf 89' lang='lat' dir='ltr'>templa</span> <span class='ocrx_word' id='word_1_180' title='bbox 1494 2422 1600 2464; x_wconf 92' lang='lat' dir='ltr'>cole.</span> 
     </span>
    </p>

    <p class='ocr_par' dir='ltr' id='par_1_21' title="bbox 437 2494 1462 2608">
     <span class='ocr_line' id='line_1_33' title="bbox 437 2494 1433 2549; baseline 0 -14"><span class='ocrx_word' id='word_1_181' title='bbox 437 2494 622 2537; x_wconf 86' lang='lat' dir='ltr'>Insidias</span> <span class='ocrx_word' id='word_1_182' title='bbox 656 2494 825 2549; x_wconf 89' lang='lat' dir='ltr'>depone</span> <span class='ocrx_word' id='word_1_183' title='bbox 858 2501 956 2536; x_wconf 87' lang='lat' dir='ltr'>tuas</span> <span class='ocrx_word' id='word_1_184' title='bbox 990 2494 1195 2548; x_wconf 89' lang='lat' dir='ltr'>opulenta</span> <span class='ocrx_word' id='word_1_185' title='bbox 1226 2494 1433 2547; x_wconf 75' lang='lat' dir='ltr'>feraxque</span> 
     </span>
     <span class='ocr_line' id='line_1_34' title="bbox 493 2565 1462 2608; baseline -0.001 -1"><span class='ocrx_word' id='word_1_186' title='bbox 493 2566 674 2608; x_wconf 89' lang='lat' dir='ltr'>Pannon</span> <span class='ocrx_word' id='word_1_187' title='bbox 709 2566 762 2608; x_wconf 91' lang='lat' dir='ltr'>de</span> <span class='ocrx_word' id='word_1_188' title='bbox 796 2566 957 2608; x_wconf 88' lang='lat' dir='ltr'>meritis</span> <span class='ocrx_word' id='word_1_189' title='bbox 989 2566 1107 2607; x_wconf 86' lang='lat' dir='ltr'>facta</span> <span class='ocrx_word' id='word_1_190' title='bbox 1140 2565 1297 2607; x_wconf 86' lang='lat' dir='ltr'>decora</span> <span class='ocrx_word' id='word_1_191' title='bbox 1331 2565 1462 2607; x_wconf 89' lang='lat' dir='ltr'>ducis.</span> 
     </span>
    </p>
   </div>
  </div>
 </body>
</html>
