1919 3273
131 543 186 577 83.

131 663 185 696 84.

129 840 183 873 85.

129 972 182 1004 86.

128 1103 182 1136 87.

127 1234 182 1267 88.

127 1365 182 1398 89.

126 1496 181 1529 90.

125 1806 180 1839 91.

126 2130 182 2163 93.

180 334 187 341 .
214 307 426 342 Thabiasus
445 307 667 352 (Georgius):
686 309 930 343 Deeastiehon
946 310 991 343 ad
1006 311 1177 344 lectorem
1196 311 1231 343 in
1252 310 1447 345 editionem

390 367 467 401 Iani
491 367 669 402 Pannonii
694 368 973 402 Bononiensem.
1000 367 1173 403 MDXXII
1178 396 1447 404 ......

321 425 468 470 Georgii
506 427 694 461 Thabiasii
732 427 970 471 Transylvani
997 428 1040 461 acl
1067 427 1228 462 libellum
1266 428 1449 463 Phalaeiei

390 485 699 530 Hendeeasyllabi
734 513 1447 522 .............

213 543 454 578 Theobaldus
493 544 749 586 (Anthonius):
787 545 847 579 Ad
884 545 1054 579 Mathiam
1091 556 1215 590 regem
1254 555 1296 580 ex
1322 546 1448 581 eodiee

386 603 571 638 Martiana.
598 604 663 638 No.
691 605 734 638 79
740 632 1446 640 .............

213 662 363 696 Thurzo
391 662 673 706 (Sigismundus)
712 664 922 707 prepositus
948 664 1122 699 Albensis
1150 675 1191 699 ao
1219 664 1449 699 Serenissimi

387 722 640 766 Hungarorum
667 726 703 757 et
727 723 963 757 bohemorum
991 726 1058 758 ete.
1086 724 1197 768 Regis
1226 722 1448 758 Seeretarius

388 781 485 815 Aldo
512 782 667 816 salutem
731 809 1445 817 .............

210 839 394 884 Tolllopff
416 841 596 883 (Ioannes)
613 854 619 875 ι
646 841 705 875 Ad
719 842 889 876 Mathiam
907 852 1029 886 regem
1050 842 1228 886 praefatio
1243 843 1278 876 in
1301 843 1448 883 „Stella-

387 899 497 933 riuin“
527 900 662 934 Eudae.
689 899 962 935 MGCCCLXIII
966 929 1444 936 .........

211 971 428 1014 Torquatus
446 972 656 1015 (Antonius)
673 985 678 1005 :
706 970 765 1006 Ad
783 972 952 1006 Mathiam
970 982 1094 1017 regem
1120 973 1155 1006 in
1182 974 1448 1017 Prognostieon

387 1030 688 1065 MCCCCLXXX.
753 1059 1470 1068 .............

210 1102 359 1136 Tubero
399 1102 654 1145 (Ludovieus):
694 1103 753 1137 Ad
780 1103 992 1148 Gregorium
1031 1103 1309 1147 Frangepanum
1335 1105 1447 1148 episc.

387 1160 639 1196 Coloeiensem
674 1189 1446 1198 ..............

210 1232 305 1268 Udis
331 1232 596 1277 (Anonymus):
640 1234 801 1268 Antonio
844 1234 954 1277 epise.
997 1234 1201 1268 Nitriensae
1237 1244 1279 1269 ex
1321 1235 1447 1269 codiee

386 1292 572 1337 Pragensi.
601 1291 744 1327 Saeculi
770 1293 851 1327 XVI
856 1321 1445 1328 ...........

211 1363 417 1406 Ugolettus
450 1364 675 1407 (Taddeusw
715 1364 873 1398 Litterae
900 1365 946 1398 ad
972 1374 1095 1409 regem
1133 1364 1303 1399 Mathiam
1329 1375 1372 1400 ex
1397 1365 1447 1399 in-

386 1426 484 1458 certo
511 1426 674 1467 tempore
726 1451 1443 1459 .............

210 1494 396 1530 Ursinus:
426 1494 549 1529 Sancti
575 1494 700 1539 Cyrilli
717 1490 996 1538 Archiepiseopi
1029 1495 1073 1530 de
1100 1495 1253 1529 Animae
1279 1496 1447 1536 decessu,

386 1554 506 1598 deque
545 1554 623 1589 eius
662 1555 736 1588 vita
773 1555 900 1589 Altera
940 1556 1075 1591 Sermo.
1121 1555 1158 1590 C.
1189 1557 1317 1591 Ursino
1345 1556 1448 1591 Velio

385 1614 590 1658 interprete.
618 1615 777 1649 Eusdem
806 1615 924 1649 Ursini
942 1615 1077 1649 Tomos
1096 1616 1242 1659 quidam
1260 1616 1449 1660 Evangelii

385 1673 521 1708 Lueani
559 1674 594 1707 in
620 1684 748 1708 versus
788 1675 968 1709 redactus.
1008 1674 1181 1709 Eiusdem
1217 1675 1338 1709 Oratio
1365 1678 1448 1710 ante

386 1744 525 1768 sacram
553 1733 715 1777 eorporis
742 1733 913 1767 dominici
940 1734 1230 1769 communionem
1257 1734 1412 1769 dicenda
1438 1763 1444 1769 .

208 1804 374 1840 Ursinus
401 1805 593 1849 (Gaspar):
632 1805 691 1838 Ad
717 1804 954 1839 Benedietum
987 1805 1187 1839 Bekenium
1227 1806 1273 1839 ad
1298 1806 1449 1840 Neniam

384 1865 517 1899 Mariae
543 1864 706 1909 Reginae
734 1867 770 1898 et
796 1865 842 1898 ad
868 1864 1148 1909 Epigrammata.
1176 1864 1372 1899 MDXXVI.
1441 1893 1447 1899 .

149 1940 157 1962 ἓ
173 1964 180 1971 .
208 1937 341 1972 Ursini
360 1936 562 1981 (Gasparis)
581 1936 674 1970 Velii
693 1936 815 1970 Oratio
833 1936 958 1969 habita
978 1935 1013 1968 in
1031 1935 1128 1969 Alba
1146 1936 1276 1980 Regali
1293 1936 1352 1970 die
1370 1936 1448 1971 feli-

385 1997 554 2031 cissimae
594 1992 850 2030 Corsmationis
877 1995 1003 2039 inelyti
1031 2006 1072 2029 ae
1098 1996 1291 2038 potentiss.
1330 1995 1450 2030 Ferdi-

385 2056 496 2090 nandi
523 2055 704 2100 Ungariae
731 2054 1001 2098 Bohemiaeque
1028 2054 1151 2099 Regis.
1179 2054 1392 2088 MDXXVII.
1442 2083 1449 2090 .

209 2127 343 2164 Ursini
370 2128 496 2162 Velius
522 2125 837 2161 Monastiehaibol.
872 2125 1093 2160 MDXXIV.:

312 2188 372 2222 Ad
398 2186 755 2222 Reverendissimum
794 2185 834 2219 D.
863 2185 1039 2219 Thomam
1072 2185 1290 2229 Agriensem
1328 2185 1449 2228 Epise.

385 2250 421 2282 et
446 2246 565 2291 Regni
592 2245 800 2290 Hungariae
828 2244 1092 2279 Cancellarium
1145 2272 1447 2278 ......

312 2307 372 2341 Ad
398 2305 675 2350 Amplissimum
714 2305 838 2338 Virum
876 2304 917 2337 D.
947 2303 1135 2338 Nieolaum
1174 2303 1301 2338 Seredi
1326 2304 1446 2347 Epise.

383 2365 693 2410 Transsylvanum
720 2364 838 2408 Regni
864 2362 1071 2407 Hungariae
1099 2362 1336 2403 Quaestorem
1383 2390 1388 2395 .
1441 2391 1447 2396 .

313 2422 372 2460 Ad
409 2424 768 2460 Reverendissimum
806 2423 848 2457 D.
876 2422 1084 2456 Ladislaum
1118 2422 1311 2456 Zaleanum
1338 2421 1449 2456 arehi-

385 2485 600 2528 episcopum
627 2483 916 2527 Strigoniensem
968 2508 1448 2515 .........

314 2545 373 2579 Ad
391 2543 624 2588 magnifieum
642 2543 683 2577 D.
701 2542 898 2586 Georgium
925 2540 1096 2575 Silesium
1114 2540 1211 2585 regis
1237 2540 1447 2574 Pannoniae

384 2614 404 2637 a
431 2603 582 2638 seeretis
611 2627 1447 2636 ...............

314 2663 569 2698 Reverendiss.
601 2665 635 2696 et
662 2661 835 2704 Ampliss.
878 2660 1022 2693 Domini
1048 2660 1090 2693 D.
1118 2659 1277 2693 Ladislai
1306 2658 1450 2693 Saleani

383 2721 664 2765 Archiepiseopi
702 2719 964 2764 Strigoniensis
1004 2719 1049 2753 ad
1089 2718 1365 2753 Serenissimam
1405 2718 1447 2752 D.

387 2781 535 2815 Mariam
562 2780 739 2824 Reginam
765 2779 926 2813 Pannon.
961 2778 1217 2822 extemporalis
1244 2777 1448 2812 consolatio

316 2841 489 2876 Eiusdem
515 2840 560 2874 de
581 2839 731 2874 feliciss.
759 2839 950 2883 puerperio
979 2837 1241 2872 Serenissimae
1272 2837 1448 2871 Dominae

386 2900 523 2941 Bonae,
548 2899 714 2945 Reginae
739 2898 915 2933 Poloniae
967 2923 1447 2933 .........

1519 109 1589 144 515

1517 262 1589 296 Pag,

1521 370 1590 404 450

1521 489 1590 522 450

1521 606 1587 639 451

1520 1035 1589 1067 454

1521 1166 1589 1198 455

1520 1296 1587 1328 455

1519 1426 1587 1459 458

1520 1736 1588 1769 459

1522 1867 1589 1899 459

1523 2056 1590 2089 461

1521 2245 1588 2278 461

1522 2363 1590 2396 462

1522 2481 1591 2514 462

1522 2600 1591 2633 463

1521 2778 1590 2811 463

1522 2896 1591 2930 463
