1919 3273
336 94 405 129 392

483 236 654 280 Terruit
686 242 728 279 et
761 237 932 279 clausos
957 250 1157 280 crescens
1190 239 1330 293 magis
1350 238 1425 280 illa
1457 238 1688 281 Britannos

544 307 766 350 Orehades
800 307 972 350 admote
1006 323 1091 350 non
1124 309 1263 350 minus
1297 315 1395 351 aeta
1428 310 1591 351 timent.

408 391 427 424 5
485 379 596 430 Quid
628 379 705 421 tibi
736 392 850 422 nune
881 380 1018 434 potuit
1050 380 1173 422 terris
1206 380 1312 422 nihil
1342 381 1437 435 ipse
1470 380 1640 434 reliquit

536 451 725 494 Prodere
757 451 843 493 iam
875 464 1056 507 superos
1088 458 1224 493 restat
1257 452 1376 494 adire
1411 451 1529 494 deos.

334 653 405 694 Ad
426 653 605 695 eundem
626 652 771 695 divum
803 652 1101 695 Vuladislaum
1129 652 1360 708 Hunyaric
1385 658 1422 695 et
1448 653 1651 696 Bohemie
1671 654 1833 710 Reyem

333 723 527 766 sereniss.
553 723 628 778 qm·
659 724 766 766 alter
793 724 953 766 Caesar
974 724 1154 766 habetur
1178 724 1227 766 in
1246 725 1422 776 mundo,
1454 729 1492 766 et
1519 725 1705 768 maxime
1725 730 1833 780 aput

334 795 563 849 Romanos,
599 794 646 837 ob
678 795 899 838 victoriam
932 795 1239 838 Pannonicam
1274 801 1473 850 superato
1508 797 1832 841 Maxim'z'lz‘cmo.

481 914 600 956 Alter
631 913 674 955 in
706 914 896 956 Ausonio
931 913 1095 956 Caesar
1125 927 1239 956 nune
1272 914 1374 956 orbe
1409 921 1600 967 renatus,

542 985 679 1035 Quem
711 985 837 1028 modo
871 999 966 1028 cum
998 986 1110 1028 votis
1139 987 1302 1040 templa
1324 987 1529 1041 opulenta
1550 987 1708 1029 colunt.

480 1057 614 1099 Letus
646 1056 690 1098 in
723 1056 948 1099 attonitum
982 1057 1145 1099 servire
1178 1057 1366 1099 ferocius
1400 1058 1590 1099 Histrum

542 1128 738 1171 Cernitur
770 1134 812 1170 et
844 1128 1030 1170 famulas
1062 1128 1147 1170 iam
1181 1129 1301 1170 timet
1332 1129 1479 1171 Hister
1512 1142 1662 1183 aquas.

403 1211 423 1243 5
481 1200 535 1241 Et
566 1206 697 1255 pavet
728 1200 930 1254 Assyrius
963 1206 1084 1242 tanto
1119 1200 1198 1242 sub
1232 1200 1427 1254 principe
1460 1200 1613 1242 Medus

541 1271 654 1322 Quid
684 1271 790 1313 facit
822 1272 1003 1313 Arctous
1039 1284 1165 1324 quem
1198 1276 1319 1313 notat
1352 1284 1478 1312 arcus
1512 1285 1659 1314 ovans.

479 1343 640 1398 Raptor
672 1342 864 1384 odoratis
895 1343 1057 1397 pariter
1090 1342 1357 1396 Gangeticus
1392 1343 1534 1395 armis,

541 1414 732 1456 Credidit
765 1415 975 1456 Hireanos
1010 1420 1052 1456 te
1084 1420 1342 1469 penetrasse
1376 1414 1502 1456 lareS.

479 1486 563 1528 Per
593 1491 636 1528 te
670 1486 829 1540 captivi
860 1499 974 1527 nune
1011 1486 1182 1527 mittunt
1214 1485 1340 1527 frena
1373 1486 1552 1538 colores,

381 1566 425 1602 10
538 1558 593 1599 Et
624 1558 774 1612 vigilat
807 1570 930 1600 curru
963 1556 1097 1611 tygris
1131 1556 1278 1598 adulta
1313 1563 1396 1598 tuo.

479 1629 575 1670 Heu
607 1642 689 1683 age
722 1628 961 1683 laurigeros
995 1628 1199 1682 princeps
1231 1635 1305 1669 tua
1328 1628 1446 1669 fama
1468 1628 1709 1683 triumphos

539 1700 703 1748 Vincet,
734 1700 966 1741 Romuleos
999 1700 1111 1741 inter
1143 1699 1344 1741 habende
1379 1699 1498 1742 deos.

479 1771 599 1813 Alter
633 1771 716 1813 eris
749 1772 900 1813 tellure
933 1771 1057 1825 vagis
1091 1771 1195 1812 mihi
1228 1770 1390 1813 credito
1424 1772 1640 1826 princeps‚

537 1843 804 1898 Purpureum
836 1842 982 1884 fundis
1016 1842 1173 1884 suffieit
1207 1855 1279 1883 ore
1312 1841 1447 1893 iubar,

379 1924 422 1958 15
477 1913 660 1956 Invadet
690 1919 833 1956 tecum
865 1920 1003 1955 terras
1037 1913 1255 1954 animosus
1289 1912 1331 1953 in
1366 1912 1507 1963 armis,

537 1985 753 2037 Albertus‚
788 1985 881 2027 sine
916 1998 998 2038 quo
1033 1997 1118 2025 non
1151 1984 1262 2025 bene
1296 1990 1439 2025 castra
1470 1984 1625 2026 forent.

480 2054 514 2098 O
546 2055 693 2108 frater,
726 2055 887 2098 furiose
921 2056 1050 2097 armis
1082 2055 1161 2096 tibi
1193 2054 1321 2096 fortia
1355 2054 1511 2096 cedent

539 2127 777 2181 Castraque
811 2127 992 2170 devictis
1026 2140 1131 2181 sepe
1164 2126 1356 2180 petenda
1388 2126 1501 2169 viris.

478 2198 729 2240 Vuladislae
762 2199 838 2240 tibi
869 2199 1031 2254 poteris
1066 2197 1328 2251 coniungere
1362 2198 1524 2250 calvos,

379 2280 424 2314 20
541 2269 724 2325 Spiritus
758 2270 931 2324 augusti
963 2270 1035 2324 qui
1066 2269 1148 2311 fuit
1182 2274 1296 2320 ante,
1330 2275 1440 2310 tuus.

329 2466 400 2509 Ad
428 2467 609 2509 eundem
632 2467 777 2510 divum
803 2468 1103 2511 Vuladz‘slaum
1125 2469 1179 2510 H
1177 2469 1360 2524 zmyasrz'q
1383 2474 1421 2511 et
1443 2469 1642 2521 Bohemz'eg
1663 2470 1824 2526 Reyem

491 2538 649 2591 fortiss.
682 2540 732 2581 de
762 2539 884 2592 fama
915 2539 1266 2593 incomparabilis
1291 2541 1526 2594 prudentie
1558 2541 1659 2584 eius.

477 2656 725 2700 Vuladislae
759 2659 902 2700 sciens
935 2659 971 2701 si
1003 2659 1121 2700 fama
1152 2660 1332 2701 resultat
1364 2661 1407 2701 in
1441 2660 1558 2712 orbe⁷

537 2729 649 2779 Quid
680 2736 816 2771 restat
848 2730 1009 2772 meritis
1044 2731 1199 2772 erescit
1232 2730 1373 2772 eundo
1406 2731 1503 2773 tuis.

476 2800 565 2842 Iam
598 2800 757 2843 cedunt
788 2801 901 2842 Latii
932 2814 1088 2853 mores,
1122 2807 1379 2855 veteresque
1413 2802 1630 2857 triumphi,

538 2871 751 2925 Caesaris,
786 2872 971 2914 addatur
1003 2872 1119 2913 fama
1153 2873 1346 2914 secunda
1378 2873 1467 2915 tibi.
