1898 3278
1564 160 1608 193 29

131 303 237 343 situs
269 302 394 343 modo
426 301 628 343 reducem
660 302 762 343 mihi
794 302 925 343 filium
948 303 1175 344 nunciavit.
1215 302 1335 344 CLE.
1369 303 1610 357 Apollidem

131 372 283 414 tuum?
316 372 461 414 HALI.
496 373 616 414 Eum.
652 372 770 414 CLE.
804 372 995 423 Gaudeo,
1031 373 1066 414 si
1089 373 1190 425 quid
1213 373 1311 414 boni
1341 373 1417 415 tibi
1439 373 1608 422 accidit,

130 443 342 493 Haliarce,
374 444 534 484 utinam
568 443 741 484 tandem
775 443 811 484 si
844 443 924 484 diis
956 443 1160 497 placitum
1193 444 1315 489 foret,
1350 444 1410 485 ita
1436 444 1533 495 mei,
1567 451 1610 484 ut

132 528 243 556 nunc
275 515 350 556 tibi
382 514 556 556 videndi
580 514 752 556 daretur
775 515 899 569 copia
921 515 1052 568 gnati.
1088 514 1274 555 HALIA.
1300 515 1423 556 Faxit
1444 515 1612 568 Jupiter

135 678 310 732 Gryllus
342 678 584 732 Parasitus,
631 679 907 731 Haliarelms,
949 678 1177 721 Clearchus
1209 693 1339 731 861165,
1382 679 1610 732 Apollides,

607 750 810 792 Aethieus
843 750 1131 792 adolescentes.

247 869 353 910 Hem
387 868 463 910 tibi
494 882 627 910 senex
658 868 919 920 felicissime⁷
965 868 1167 910 reducem
1199 869 1417 923 insperato
1454 869 1609 909 filium!

129 939 311 980 HALIA.
346 939 449 980 Cum
471 945 512 980 te
537 939 701 981 salvum
724 939 954 993 conspicio,
990 944 1120 993 gnate
1143 940 1212 991 mi,
1246 939 1430 993 gaudeo,
1462 939 1611 992 disque

130 1010 291 1063 gratias
324 1023 420 1063 ago.
462 1009 624 1052 APOL.
658 1009 722 1051 Ne
755 1010 1035 1062 lachrymam,
1070 1016 1193 1065 pater
1225 1010 1294 1061 mi,
1329 1024 1421 1052 cum
1457 1010 1522 1052 dis
1554 1011 1613 1051 ita

128 1081 331 1136 placitum
345 1081 437 1132 fuit,
456 1087 500 1122 ut
517 1094 595 1122 nos
614 1081 756 1123 salvos
774 1094 824 1122 ac
843 1082 1028 1135 sospites
1048 1082 1433 1135 contemplaremur
1450 1088 1609 1123 mutuo.

129 1152 276 1193 HALI.
310 1153 379 1193 Da
403 1166 575 1194 manum
608 1153 747 1202 etiam,
783 1151 854 1203 fili,
891 1153 983 1193 seni
1014 1152 1112 1193 huic
1145 1152 1315 1206 optimo.
1359 1152 1521 1194 APOL.
1557 1152 1612 1194 Ut

129 1224 251 1265 vales
284 1224 518 1264 communis
552 1222 724 1264 amice?
758 1223 877 1265 CLE.
913 1223 968 1265 Ut
991 1223 1117 1264 homo
1138 1223 1277 1264 miser.
1310 1222 1470 1264 APOL.
1496 1222 1612 1272 Qui?

130 1294 248 1336 GLE.
272 1294 481 1344 Quoniam
505 1301 635 1347 gnato
659 1294 832 1335 orbatus
856 1307 962 1335 meo.
990 1293 1152 1335 APOL.
1176 1294 1269 1344 Dic,
1292 1294 1433 1344 sodes,
1457 1294 1536 1335 fuit
1559 1307 1611 1335 ne

130 1366 241 1407 ullus
273 1366 350 1407 tibi
382 1371 548 1419 gnatus.
584 1365 702 1407 CLE.
737 1365 908 1407 Utinam
940 1366 1001 1406 ita
1033 1379 1145 1406 1111110
1177 1365 1245 1406 1110
1279 1372 1408 1416 esset,
1442 1372 1487 1406 ut
1520 1365 1610 1406 fuit.

128 1435 288 1478 APOL.
307 1437 534 1478 Parvulum
554 1450 651 1477 esse
669 1436 867 1490 oportuit,
886 1436 1112 1489 quotennis
1131 1435 1344 1477 obsecro‘?
1368 1436 1488 1477 CLE.
1509 1435 1609 1477 Cum

128 1507 242 1549 hunc
264 1508 387 1549 amisi
410 1508 695 1561 quinquennis
729 1514 841 1554 erat;
876 1521 1000 1558 nunc,
1036 1508 1072 1548 si
1092 1520 1273 1559 usquam
1294 1507 1481 1560 gentium
1507 1507 1610 1548 vita-

128 1580 192 1620 les
225 1579 361 1633 carpit
404 1592 543 1631 aures,
588 1579 785 1621 invenem
817 1579 976 1620 bellum
1009 1579 1200 1620 aestimo.
1244 1577 1405 1619 APOL.
1447 1578 1611 1619 Nomen

131 1650 244 1703 quod
276 1651 336 1691 illi
367 1649 623 1692 indideras‘?
668 1650 786 1691 CLE.
819 1650 973 1701 Ethici,
1019 1663 1117 1690 nam
1151 1649 1286 1691 civilis
1319 1649 1386 1689 his
1420 1647 1462 1701 (1)
1506 1662 1612 1702 puer

130 1728 234 1772 erat,
281 1735 362 1774 quo
410 1722 565 1773 evenit,
613 1728 658 1762 ut
703 1735 798 1762 cum
845 1721 1133 1762 Athenienses
1185 1721 1246 1761 ita
1297 1720 1611 1774 appellitarent.

129 1792 291 1835 APOL.
340 1792 474 1835 Serva
506 1806 573 1834 me
605 1792 785 1846 Jupiter,
833 1805 959 1845 quam
1003 1792 1268 1846 inopinatum
1314 1791 1518 1845 gaudium
1551 1791 1611 1832 sic

129 1864 220 1905 fata
251 1864 360 1905 forte
392 1864 560 1918 ipsique
595 1864 826 1906 coelicolae
872 1864 1088 1905 hominum
1132 1863 1328 1905 fortunas
1367 1863 1610 1918 disponunt,

129 1942 172 1977 et
204 1943 300 1976 tuas
332 1949 445 1977 nunc
478 1949 612 1977 senex
644 1936 815 1989 optime,
850 1949 945 1976 cum
973 1935 1038 1975 his
1062 1932 1106 1988 (1)
1139 1942 1295 1988 gnatus
1328 1940 1425 1975 tuus
1459 1934 1612 1975 innoti

131 2013 172 2048 et
204 2007 328 2048 amici
360 2020 511 2048 manus
542 2006 762 2048 inciderat.
809 2006 950 2055 Quare
983 2012 1024 2047 te
1058 2020 1170 2047 nunc
1209 2019 1472 2047 communem
1510 2007 1611 2046 ami-

130 2091 223 2119 cum
257 2078 491 2119 communis
523 2078 775 2132 participem
809 2090 905 2118 esse
938 2077 1034 2119 volo
1062 2077 1302 2118 hilaritatis.
1342 2076 1382 2117 Is
1417 2085 1481 2117 est
1514 2083 1611 2118 tuus

129 2149 307 2190 Ethicus
325 2162 449 2202 quem
471 2149 754 2190 manumissus
773 2148 827 2189 ab
846 2148 948 2189 Auri
968 2148 1127 2202 pollide
1151 2149 1393 2201 argentario
1415 2149 1551 2190 forma
1570 2156 1611 2190 et

129 2220 240 2262 facie
262 2220 384 2262 istius
407 2226 545 2261 motus
569 2234 594 2261 a
618 2220 889 2273 Syracusano
917 2219 1100 2271 quodam
1122 2219 1291 2260 homine
1313 2219 1463 2273 viginti
1486 2219 1610 2260 minis

131 2292 226 2343 emi,
260 2305 365 2344 quos
399 2291 497 2333 dum
529 2291 687 2341 reddis,
722 2298 836 2332 tuum
870 2291 946 2332 tibi
979 2304 1217 2345 emancupo
1259 2290 1399 2343 doque
1432 2291 1611 2332 liberum

129 2368 317 2416 gnatum.
365 2362 484 2404 CLE.
518 2362 740 2417 Apollides
780 2376 875 2403 cum
909 2362 970 2403 sic
1002 2375 1068 2403 me
1101 2362 1207 2403 beas
1240 2361 1381 2403 habeo
1414 2362 1609 2415 gratiam.

130 2433 280 2486 viginti
311 2433 443 2487 probe
475 2433 608 2474 reddo
641 2434 792 2483 minas,
826 2438 1008 2485 quantas
1042 2446 1123 2486 ego
1156 2446 1231 2486 pro
1265 2439 1320 2478 te,
1353 2432 1504 2473 Ethice
1540 2433 1608 2476 mi,

131 2504 299 2559 profudi
317 2503 590 2557 lachrymas?
614 2504 772 2545 PARA.
790 2504 869 2545 Hic
884 2504 1000 2545 solus
1019 2503 1111 2544 dies
1127 2503 1310 2545 candido
1329 2516 1413 2544 non
1431 2504 1610 2553 calculo,

131 2575 208 2617 sed
239 2588 446 2616 marmore
480 2575 730 2628 signandus,
776 2575 847 2627 qui
879 2574 1028 2616 ambos
1060 2580 1146 2614 tam
1190 2575 1302 2615 belle
1336 2574 1437 2615 beat
1470 2587 1609 2615 senes.

132 2646 219 2688 Sed
264 2646 377 2699 quod
408 2646 451 2687 in
495 2659 584 2687 rem
627 2652 743 2687 tuam
775 2646 918 2697 faciet,
963 2645 1007 2686 id
1038 2659 1092 2686 ne
1136 2645 1393 2698 neglexeris,
1441 2644 1608 2698 Grylle!

131 2717 384 2770 Priusquam
417 2717 499 2759 hoc
530 2717 624 2759 loco
658 2717 838 2767 abeatis,
872 2729 948 2758 vos
982 2729 1058 2770 per
1090 2716 1254 2770 stygias
1277 2716 1459 2770 paludes
1493 2715 1611 2756 adiu-

131 2800 266 2838 rasso,
299 2801 375 2842 pro
408 2793 616 2842 perpetuo
650 2787 885 2842 dapinario,
918 2793 1137 2841 praestate
1169 2786 1308 2828 fidem.
1357 2787 1476 2828 CLE.
1510 2787 1610 2828 Pro-

132 2859 332 2900 mittimus
364 2865 567 2912 tanquam
607 2859 660 2901 de
694 2858 817 2900 nobis
849 2858 1124 2900 benemerito.
1173 2858 1414 2908 Haliarche‚
1459 2871 1536 2899 nos
1568 2857 1611 2898 in

133 2929 254 2972 aedis
287 2930 359 2971 ubi
391 2943 596 2972 merorem
630 2929 801 2983 gaudio,
847 2930 1001 2970 famem
1037 2929 1243 2970 sacietate
1278 2934 1609 2970 antevertamus.
