1919 3273
1545 96 1613 130 491

126 236 230 278 illud
275 237 322 279 L.
358 237 517 290 Crassi,
565 251 739 280 causam
787 238 981 280 conferre
1026 239 1068 280 in
1100 245 1283 294 tempus,
1330 253 1424 281 cum
1462 239 1614 281 afferre

124 308 247 361 plura
293 309 330 350 si
364 309 527 362 cupias,
573 322 658 351 non
692 322 838 362 queas.
889 310 1004 351 Vale.
1050 310 1285 353 Bononiae.
1337 310 1467 352 Sexto
1512 310 1613 352 Idus

124 378 331 421 Decemb.
365 380 588 422 MDXXII.

211 591 438 634 Adrianus
478 591 767 645 Vvolfharclzas
804 593 1154 647 Transsylvanus
1187 595 1243 635 ad
1275 593 1520 636 Lectorem.¹

339 710 547 752 Cadmum
579 711 722 752 ferunt
756 712 970 765 quondam
1003 712 1199 754 intulisse
1232 712 1397 754 litteras

337 781 478 823 Graiis
513 795 619 835 quas
652 783 893 824 Phoenices
926 784 1073 824 volunt
1106 796 1230 835 quam
1267 784 1437 837 plurimi

336 852 496 894 Vocum
530 859 746 906 parentes,
781 860 849 895 ast
881 867 1002 895 suum
1036 854 1185 895 Mosen
1219 854 1357 907 magis

336 923 435 973 Alii,
469 937 618 978 parum
650 924 794 974 refert,
827 931 969 966 tamen
1004 925 1039 966 si
1072 925 1166 977 quis
1199 925 1338 966 minus

336 994 415 1035 Vel
448 995 612 1036 hancce
647 995 961 1037 Grannnaticen
996 1001 1038 1037 et
1071 996 1344 1046 intellexerit,

337 1064 534 1120 Gryppos
569 1073 610 1108 et
642 1067 756 1107 illius
788 1067 1020 1108 medullam
1054 1068 1275 1121 spreverit,

336 1136 457 1186 Quae
492 1138 584 1179 sola
616 1138 766 1192 pandit
798 1138 995 1191 pallados
1029 1138 1263 1189 conclavia,

336 1207 609 1262 Quapropter
640 1208 840 1250 Andreae
874 1209 1056 1250 subinde
1090 1210 1292 1263 perlegas

335 1279 466 1333 Frugi
498 1279 581 1321 hoc
614 1293 722 1333 opus
755 1280 891 1321 lector
922 1293 1026 1333 rogo
1060 1280 1372 1330 brevissimum,

337 1350 483 1402 Dices,
519 1351 607 1392 scio
641 1364 815 1404 peream
849 1351 950 1392 1111111
983 1352 1019 1392 si
1051 1365 1136 1392 non
1169 1352 1326 1405 placet.

122 1586 274 1629 Hilari
313 1586 546 1640 Volphardi
582 1587 900 1641 Trctvnssgslvam'
937 1586 1222 1629 Decastz'chon
1254 1587 1311 1628 ad
1348 1586 1579 1640 Calliopen.
1598 1586 1612 1609 '3

273 1705 384 1756 Quid
418 1707 618 1760 planctus
641 1707 748 1761 petit
769 1706 850 1757 hic,
885 1707 1004 1760 passi
1025 1712 1067 1746 et
1093 1719 1171 1760 per
1193 1706 1304 1747 colla
1325 1705 1481 1759 capilli,

331 1776 538 1831 Calliope,
572 1778 771 1831 lacrymis
804 1777 891 1818 uda
924 1777 1025 1830 quid
1057 1791 1132 1818 ora
1163 1777 1279 1830 rigas
1294 1776 1315 1817 ἶ)

271 1848 382 1890 Num
414 1849 504 1890 fato
539 1849 752 1891 extinctus
785 1849 929 1896 Ianus,
963 1855 1037 1889 tua
1070 1847 1254 1888 maxima
1287 1846 1424 1888 cura?

334 1920 447 1962 Nixa
479 1921 597 1962 stetit
631 1921 750 1961 ouius
783 1926 928 1961 vestra
962 1920 1100 1960 salute
1134 1920 1264 1960 salus.

271 1992 435 2033 Desine
469 1992 666 2033 crudeles
700 1991 827 2032 toties
860 1991 1078 2032 incessere
1113 1990 1249 2041 divos,

330 2063 425 2104 Neu
457 2069 583 2105 vacet
617 2069 659 2104 et
692 2068 804 2103 totos
837 2062 1008 2103 fletibus
1040 2062 1100 2102 ire
1135 2061 1238 2103 dies.

219 2226 231 2246 ¹
263 2226 559 2269 „Grammatz'cae
590 2225 689 2270 Opus
716 2237 859 2265 novum,
888 2225 983 2258 mira
1011 2224 1168 2267 quadam
1195 2227 1270 2258 arte
1298 2228 1335 2258 et
1353 2224 1615 2267 compendiosa

125 2297 329 2328 excussum,
358 2297 430 2330 quo
457 2297 584 2331 rogum
611 2286 768 2320 nominis
797 2288 833 2319 et
858 2285 970 2325 verbi,
998 2284 1128 2328 ingens
1150 2284 1284 2318 bellum
1311 2293 1354 2318 ex
1380 2283 1614 2318 contentione

124 2346 350 2390 principatus
377 2346 413 2379 in
440 2346 604 2380 oratione
631 2345 879 2379 describitiir.“
910 2342 1060 2388 Vegen:
1092 2343 1275 2384 „Viennae
1301 2343 1525 2384 Pannoniae,
1550 2352 1616 2387 per

125 2405 386 2450 Hieronymum
411 2405 607 2445 Victorem,
633 2404 874 2438 Philovallem
901 2406 937 2437 et
962 2402 1135 2436 Ioannem
1162 2402 1392 2446 Singrenium
1419 2402 1464 2437 de
1483 2401 1615 2446 Oeting

126 2464 400 2510 Calcographos
427 2465 591 2499 solertes.
620 2464 742 2498 Tertio
768 2463 891 2496 Nonas
920 2461 1012 2505 Aug.
1040 2461 1148 2494 Anno
1174 2461 1217 2495 M.
1233 2461 1275 2495 D.
1289 2460 1388 2494 XII.“
1418 2460 1615 2495 Wolfhard

125 2523 204 2558 sent
228 2523 372 2558 ko'zlo'tt
396 2534 502 2558 verse
530 2534 550 2557 a
577 2523 730 2566 czimlap
757 2521 921 2566 rectojan
948 2532 1029 2557 van,
1061 2519 1233 2565 versojan
1258 2531 1328 2555 van
1356 2531 1376 2554 a
1401 2520 1465 2555 ket
1490 2530 1615 2565 nyom-

126 2583 291 2617 dasznak
315 2583 547 2627 Augustinus
575 2581 896 2616 Olomucensishez
924 2578 1077 2613 intezett
1101 2580 1218 2613 levelo
1260 2580 1369 2623 (Nmely
1398 2579 1474 2613 kelt
1499 2578 1613 2623 pridie

126 2641 275 2677 Calend.
313 2643 484 2687 Augusti.
523 2642 630 2675 Anno
669 2640 775 2674 M.D.
799 2639 878 2682 XII)
918 2638 956 2673 es
996 2639 1182 2673 Vadianus
1220 2638 1412 2673 Janosnak
1451 2638 1615 2672 Salernoi

125 2701 354 2742 Andrashoz‚
387 2712 408 2735 a
442 2701 728 2744 „Grammaticae
769 2699 866 2743 Opus
901 2699 1060 2732 Novum“
1105 2696 1317 2743 szerojehez
1348 2697 1501 2732 intezett
1536 2697 1614 2731 kol-

125 2759 307 2805 temenye.

244 2820 256 2838 2
282 2820 392 2854 Ianus
417 2820 628 2854 Pannonius
648 2818 881 2853 Marcellusra
900 2819 944 2851 irt
959 2818 1228 2862 panegyricusa
1248 2815 1612 2860 1522-iki,'bolognai

125 2878 355 2914 kiadasanak
382 2879 549 2924 eleje'riil.
