1919 3273
334 94 402 129 368

488 389 531 422 35

485 744 531 777 40

485 1099 529 1132 45

485 1456 528 1489 51

485 1811 528 1844 55

487 2166 531 2199 6Ο

488 2523 532 2556 65

490 2877 535 2911 70

593 237 648 278 Et
680 250 762 289 que
795 236 860 278 vis
893 237 1051 277 animet
1084 235 1268 277 disertus
1302 241 1433 286 astra,

593 307 647 348 Et
679 320 762 360 que
795 306 860 348 vis
892 306 1077 348 tumidos
1108 306 1213 348 facit
1244 319 1458 358 recursus,

594 380 659 419 An
691 376 830 418 luna‘?
863 377 1025 420 Oceani
1057 378 1125 419 vel
1157 378 1250 431 ipse
1284 376 1475 418 ventus?

596 449 733 491 Callet
766 448 867 502 quid
900 449 1011 490 ferat
1045 455 1087 490 et
1120 449 1219 489 mali
1252 456 1432 499 cometa,

595 520 733 562 Callet
764 520 969 573 virgilias,
1003 520 1146 560 minax
1180 518 1322 571 Orion,

592 592 647 632 Et
680 604 755 632 cur
785 591 1070 645 Arthophilax
1103 597 1308 643 sequatur
1339 591 1513 642 Arcton,

594 662 754 704 Omnes
786 662 1087 715 hystoriasque
1120 662 1393 715 fabulasque.

592 733 720 775 Novit
753 733 846 786 quis
878 733 1022 774 trahat
1053 732 1164 784 hinc,
1204 738 1246 774 et
1276 733 1377 774 inde
1412 732 1550 774 nubes

594 803 687 854 Que
721 804 784 846 vis
816 804 1032 858 impulerit
1065 810 1190 845 notos
1221 804 1415 845 furentes

592 875 744 918 Nescit
776 875 961 928 denique
993 875 1085 916 Rex
1119 882 1161 916 et
1192 875 1274 917 iste
1308 875 1473 927 doctus,

592 947 799 987 Fraterno
832 945 1036 987 maduere
1069 959 1142 987 cur
1176 958 1326 988 cruore

592 1017 723 1060 Urbis
756 1016 939 1068 moenia,
973 1017 1264 1070 Romulusque
1299 1030 1382 1070 qua
1414 1031 1459 1059 re

593 1088 748 1130 Castas
781 1087 981 1129 abtulerit
1013 1088 1114 1129 viris
1148 1087 1347 1139 Sabinas,

592 1160 849 1213 Discerptus
881 1158 1079 1200 manibus
1113 1159 1167 1200 sit
1201 1173 1254 1200 an
1289 1172 1473 1207 suorum,

592 1231 646 1272 Et
678 1243 752 1272 cur
781 1230 918 1271 Roma
948 1236 1075 1271 vocat
1109 1229 1235 1271 deum
1269 1229 1490 1280 Quirinum

591 1302 743 1344 Noscit
775 1301 876 1355 quid
908 1301 1049 1342 Numa
1080 1300 1245 1353 fecerit,
1280 1301 1379 1354 quid
1411 1301 1505 1355 ipse

591 1373 750 1425 Ancus,
785 1372 887 1425 quid
919 1372 1083 1425 reliqui,
1118 1371 1219 1425 quid
1250 1372 1345 1426 ipse
1378 1372 1536 1413 Brutus

591 1445 734 1486 Pulsis
767 1445 1022 1498 Tarquiniis,
1058 1444 1159 1497 quid
1190 1444 1285 1498 ipse
1320 1443 1486 1496 Cocles,

591 1517 698 1558 Astu
730 1516 993 1570 tergeminos
1027 1514 1286 1568 Oratiusque

595 1587 707 1637 Quot
738 1587 841 1629 vicit
874 1586 1036 1638 Curios,
1071 1593 1173 1639 quot
1204 1600 1290 1627 una
1321 1587 1436 1628 laeto

591 1658 765 1700 Dimisit
796 1657 956 1699 Fabios
990 1657 1097 1709 dies,
1132 1665 1174 1699 et
1205 1658 1349 1711 ignem

591 1729 732 1771 Fortis
764 1729 920 1770 Mutius
953 1734 998 1769 ut
1029 1729 1137 1780 tulit,
1172 1729 1274 1782 quid
1304 1730 1399 1784 ipse

590 1800 780 1855 Pyrrhus
812 1799 976 1852 fecerit,
1009 1799 1310 1853 Hannibalque
1345 1813 1516 1843 saevus.

589 1871 740 1913 Noscit
772 1877 1001 1924 ceteraque
1034 1871 1194 1913 referre
1226 1872 1416 1925 longum,

590 1942 737 1984 Nostri
769 1942 905 1996 gloria
938 1943 1158 1993 seculique
1190 1943 1412 1997 Princeps,

591 2013 728 2054 Huius
760 2012 959 2054 iudicium
994 2013 1148 2066 subite⁷
1181 2027 1280 2054 nam
1316 2027 1393 2056 vos

593 2084 799 2134 Quamvis
831 2084 1024 2125 rusticuli
1055 2090 1198 2125 tamen
1231 2084 1443 2139 probabit,

593 2157 645 2197 Et
677 2156 797 2197 vultu
828 2155 945 2209 leget
978 2161 1023 2196 ut
1056 2155 1165 2197 solet
1196 2155 1397 2209 benigno.

594 2227 780 2280 Largam
813 2226 983 2268 nomine
1018 2227 1085 2268 cui
1116 2240 1212 2268 meo
1246 2227 1428 2268 salutem

594 2298 780 2338 Primum
814 2296 957 2348 dicite,
989 2297 1129 2339 fronte
1161 2311 1246 2339 non
1279 2297 1472 2352 pudenti,

594 2369 660 2410 Illi
692 2381 792 2409 mox
822 2368 1021 2409 referatis
1053 2369 1137 2409 ista
1168 2368 1315 2410 verba.

594 2440 802 2494 Princeps
816 2439 988 2492 inclyte,
1012 2439 1326 2492 maximumque
1345 2436 1389 2492 (l)
1413 2452 1577 2493 regum,

595 2510 629 2553 O
662 2511 755 2552 Rex
787 2510 945 2564 optime
978 2509 1133 2551 nobilis
1167 2523 1332 2560 serene,

594 2582 684 2623 Nos
716 2581 843 2622 mittit
874 2587 1124 2622 reverenter
1155 2581 1210 2622 ad
1241 2587 1284 2622 te

594 2654 754 2695 Factus
788 2653 983 2694 servulus
1016 2659 1058 2694 et
1089 2652 1200 2693 diem
1232 2652 1406 2694 Michail

594 2725 741 2775 Vates,
774 2724 936 2765 Aonios
971 2723 1121 2765 bibens
1153 2723 1354 2776 liquores,

595 2795 799 2837 Indoctus
832 2795 933 2836 licet
965 2800 1008 2836 et
1039 2807 1189 2848 parum
1221 2794 1391 2848 politus.

597 2866 715 2917 Quos
747 2872 793 2907 ut
824 2865 963 2907 fronte
995 2865 1119 2906 hilari
1150 2865 1273 2918 legas
1305 2877 1517 2918 rogamus.
