1919 3273
1484 163 1555 196 467

308 303 502 357 Ignobili,
537 317 749 357 curaeque
784 317 935 345 securo
967 306 1123 358 gravis,

368 374 561 416 Miranda
594 376 773 429 primum
805 375 952 417 videro

309 446 451 497 Dictu⁷
484 460 565 488 nec
597 447 690 500 ipse
722 445 935 487 iudicatus
969 452 1054 488 tam
1087 449 1209 501 piger

370 516 481 557 Culti
513 530 593 558 nec
627 530 781 571 expers
812 517 988 570 ingenii,

310 587 421 636 Quin
454 593 500 627 ut
533 587 711 628 cicadae
744 601 850 629 voce
883 588 1032 629 dulces
1064 588 1214 630 florida

367 657 551 699 Lassum
584 659 789 699 viatorem
821 658 979 700 iuvant.

307 727 411 768 Cum
446 728 549 769 solis
583 742 709 770 arens
743 730 935 771 aestuosi
968 730 1120 771 lucidis

366 799 514 839 Tellus
547 800 698 840 inarsit
729 800 914 853 ignibus,

303 869 379 910 Ille
414 876 486 910 aut
520 871 597 912 sub
630 872 743 912 ulmo
777 872 1016 913 candidave
1050 873 1206 926 populo

367 940 547 981 Paulum
580 942 814 983 reclinatus
846 943 971 993 iacet,

307 1010 458 1051 Donec
492 1012 683 1053 remissis
719 1013 885 1066 syderis
920 1013 1133 1054 caloribus

366 1082 508 1123 Aurae
545 1084 741 1124 salubres
775 1084 1040 1138 obstrepant,

309 1152 381 1194 Sic
414 1153 635 1206 coeperint
668 1160 809 1195 tecum
840 1155 1024 1207 vacabit,
1059 1156 1202 1198 arduis

367 1223 489 1265 Curis
523 1224 707 1264 solutum
740 1239 834 1266 cum
867 1239 989 1266 meae

305 1295 412 1335 Tum
447 1295 666 1336 doctorum
700 1296 945 1338 fructuosae
979 1298 1171 1351 syllabae

368 1366 423 1407 Ut
458 1367 579 1407 seriis
613 1380 696 1408 non
729 1367 887 1409 iuvero.

309 1436 442 1478 Sedet
473 1438 664 1479 iocosum
698 1445 869 1491 praeter
899 1438 1108 1480 Aonidum
1141 1441 1274 1482 melos

368 1508 481 1549 Usus
514 1508 591 1549 tibi
623 1509 804 1550 accedet
836 1510 930 1561 mei⁷

309 1579 433 1629 Quod
464 1580 689 1634 imperaris
723 1594 889 1633 cunque
922 1595 1019 1623 mox
1050 1582 1300 1624 industriam

365 1650 486 1691 Vatis
519 1652 768 1705 probaveris
801 1652 871 1693 tui.

69 1815 141 1858 Ad
172 1816 438 1871 Maynficum
467 1817 546 1858 Do.
577 1816 847 1870 Stephammn
878 1816 1145 1858 Veoffbemizmz
1177 1817 1298 1871 reyms
1338 1816 1556 1872 Ungyariae

682 1887 949 1930 Palatium.

247 1983 390 2024 Aurea
424 1997 504 2024 ceu
536 1983 706 2036 fulgent
739 1984 859 2024 coelo
892 1983 1083 2024 Lenaeia
1115 1982 1228 2024 dona

309 2053 419 2096 Olim
452 2054 669 2095 Aridnaeo
702 2055 862 2096 vertice
898 2055 1142 2107 conspicua,

246 2125 362 2167 Inter
395 2131 436 2166 et
468 2126 659 2166 innixum
693 2125 875 2179 genibus
909 2125 1119 2179 spirisque
1152 2126 1362 2167 Draconis

308 2196 543 2251 Implexum
578 2197 763 2238 aeternis
796 2196 968 2249 ignibus
1000 2196 1217 2247 irradiant,

247 2267 357 2309 Illud
390 2267 537 2309 Iachei
570 2273 886 2309 monumentum
922 2274 963 2307 et
995 2268 1151 2321 pignus
1185 2268 1352 2319 amoris,

309 2338 528 2392 Signaque
562 2339 790 2379 Thesaeae
822 2338 965 2379 lucida
996 2337 1216 2391 perfidiae.

249 2409 320 2451 Sic
352 2417 439 2460 tua,
474 2409 660 2460 Verbeti,
694 2409 825 2450 virtus
860 2409 1057 2450 clarescit
1090 2415 1131 2449 et
1162 2410 1272 2450 inter

306 2481 601 2534 Magnanimos
635 2480 758 2521 ardet
790 2480 963 2532 cognita
995 2479 1251 2521 Pannonios.

249 2551 348 2593 Sive
381 2552 576 2593 Pericleo
609 2551 834 2593 verborum
867 2550 1042 2590 fulmine
1075 2551 1170 2601 ritu‚

309 2622 394 2664 Seu
427 2623 584 2676 promis
616 2621 718 2663 forti
748 2628 922 2676 pectore
957 2621 1146 2672 consilia,

247 2693 393 2735 Vincis
426 2693 665 2734 Nestoreae
698 2693 859 2734 mellita
891 2692 1104 2733 volumina
1135 2692 1321 2746 linguae,

309 2763 532 2816 Sensaque
568 2763 731 2805 cordati
763 2763 951 2817 pondere
985 2763 1085 2803 nixa
1117 2764 1257 2814 senis3

248 2835 301 2876 Et
332 2835 443 2876 tales
478 2835 656 2888 cingens
689 2834 858 2875 Troiam
892 2833 1113 2874 obsidione
1146 2834 1292 2875 relicto

306 2905 462 2947 Nelida
495 2905 666 2947 Atrides
701 2910 818 2959 optet
850 2904 1011 2946 habere
1044 2904 1207 2946 ducem.

1345 3009 1412 3043 30*
