1898 3278
1480 184 1546 217 117

86 418 337 465 Magnifioo
380 418 576 454 Domino
609 415 818 453 Gabrieli
860 416 1094 453 Perenaeo
1129 401 1523 453 Cubiculariorum

86 483 331 529 Regalium
367 481 590 529 Magistro
631 484 678 518 e‘t,
721 481 890 518 comiti
933 480 1226 528 Ugochensi‚‘
1253 481 1434 518 domino
1478 485 1524 519 et

86 549 285 584 Patrono
316 558 396 583 suo
417 546 757 593 gratiosissimo
784 547 955 583 Paulus
982 546 1253 583 Crosnensis
1271 546 1522 590 Ruthenus,

87 612 255 649 artium
298 612 562 648 liberalium
610 612 836 659 magister
882 613 927 648 et
972 612 1153 658 collega
1204 612 1523 649 florentissimi

345 677 484 713 studii
511 677 834 714 Craooviensis
862 677 1081 714 Salutem.
1110 677 1159 712 D.
1187 677 1231 712 P.
1254 679 1262 697 ¹

182 859 190 866 .
226 859 234 866 .
273 859 281 866 .
313 824 478 866 Exinde
509 830 554 865 ut
584 838 606 865 e
641 822 872 877 Gymnasio
910 829 1055 864 nostro
1101 823 1376 865 Cracoviensi
1418 826 1546 878 pesti-

61 895 224 937 lentiali
269 895 450 937 saevitia
493 895 642 949 pulsus
686 895 728 935 in
772 894 1019 935 Pannonios
1068 895 1342 947 quaerendae
1397 897 1548 937 salutis

63 967 200 1020 gratia
249 966 358 1007 fines
409 980 476 1007 me
529 966 826 1015 contulissem,
880 965 1140 1018 tandemque
1190 966 1267 1007 sub
1322 966 1544 1020 sydereum

61 1038 405 1091 magnificentiae
439 1044 536 1078 tuae
572 1044 849 1091 conspectum
877 1037 1155 1078 invitamento
1190 1037 1374 1089 quodam
1396 1038 1548 1079 invita-

62 1109 135 1150 bili
181 1109 349 1150 delatus
397 1109 612 1150 venissem
645 1109 687 1148 in
732 1108 960 1149 viridantia
1005 1108 1295 1162 Nympharum
1334 1108 1547 1157 viridaria,

62 1186 104 1221 et
137 1193 336 1221 secessus
368 1181 410 1220 in
433 1180 678 1233 explicabili
700 1179 919 1233 voluptate
943 1179 1223 1221 delectabiles
1246 1180 1344 1221 ilico
1375 1180 1546 1231 divorti3

60 1251 163 1292 inibi
196 1251 487 1305 Panegyricos
532 1251 663 1292 hosce
703 1251 897 1304 geminos
942 1250 1208 1293 exhilarandi
1243 1258 1285 1291 et
1316 1251 1549 1304 vegetandi

61 1322 221 1375 ingenii
242 1323 394 1375 grat-ia,
418 1329 459 1362 et
493 1336 574 1375 quo
605 1328 703 1363 tuae
732 1322 1078 1375 magnificentiae
1111 1322 1377 1375 gratificarer
1406 1323 1548 1382 auspi:

62 1400 183 1435 catus
217 1407 308 1434 sum
347 1400 389 1434 et
420 1394 531 1434 intra
570 1394 909 1446 sesquimensem
950 1393 1172 1434 succisivis
1212 1393 1473 1446 temporibus
1506 1400 1547 1434 te

62 1465 170 1506 duce
195 1471 236 1506 et
260 1465 435 1519 auspice
465 1465 731 1516 concinnavi,
756 1464 1020 1517 absolvique.
1056 1464 1173 1514 Quos
1201 1464 1547 1517 magnificentiae

61 1543 171 1585 tuae,
186 1536 359 1577 Gabriel
373 1536 762 1578 beneficentissime
775 1535 1048 1590 peculiariter
1059 1535 1272 1587 adscribo,
1283 1535 1547 1577 nominatim-

63 1621 143 1661 que
167 1607 334 1659 dedico,
356 1621 439 1648 non
463 1613 508 1648 ut
530 1608 648 1649 hisce
672 1608 747 1649 tibi
770 1608 942 1657 famam,
976 1607 1161 1655 laudem,
1185 1614 1258 1647 aut
1277 1607 1545 1648 honestatem

62 1692 309 1733 comparare
329 1692 470 1730 coner,
496 1679 565 1732 qui
579 1678 982 1731 famigeratissimus
1000 1678 1408 1731 laudatissimusque
1427 1692 1487 1728 es,
1505 1685 1546 1719 et

62 1750 175 1791 omni
197 1750 436 1791 honestatis
457 1764 616 1803 genere
647 1749 1154 1799 demonstrabilissimus3
1190 1749 1267 1790 sed
1290 1758 1334 1789 ut
1359 1750 1443 1790 illis
1471 1750 1548 1791 ful-

62 1822 312 1874 gentissimo
338 1821 519 1862 nominis
545 1821 603 1861 tui
632 1821 874 1875 splendore,
906 1821 1132 1874 faustoque
1156 1828 1197 1862 et
1226 1820 1342 1861 felici
1365 1821 1547 1874 auspitio

62 1892 240 1944 gratiam
277 1893 492 1943 concilies,
533 1900 573 1933 et
606 1893 735 1934 vitam
770 1893 1073 1946 sempiternam
1112 1892 1383 1945 impartiaris,
1418 1899 1546 1944 utque

63 1963 252 2004 clientuli
266 1964 325 2004 tui
341 1970 383 2005 et
398 1963 597 2018 mancipii
615 1964 700 2004 iam
714 1963 879 2017 pridem
897 1963 1242 2016 magnificentiae
1257 1969 1357 2004 tuae
1373 1963 1546 2013 addicti,

62 2034 260 2085 animum,
293 2034 434 2080 fidem,
457 2035 657 2087 studium,
681 2035 886 2081 laborem,
911 2034 1188 2087 vigilantiam,
1213 2034 1547 2076 observantiam-

64 2119 143 2158 que
164 2106 402 2160 perspicias
419 2113 461 2147 et
477 2120 729 2159 cognoscas.
745 2107 873 2148 Esset
891 2106 1060 2159 quidem
1076 2107 1162 2148 voti
1178 2113 1218 2147 et
1236 2106 1450 2160 desyderii
1466 2106 1548 2147 mei

62 2176 249 2228 (labriel,
283 2177 532 2219 Perenaeae
566 2178 707 2231 gentis
741 2178 958 2231 specimen
983 2178 1345 2229 candidissimum,
1369 2185 1409 2219 te
1434 2184 1546 2218 tuas-

63 2260 143 2299 que
166 2248 344 2288 virtutes
368 2247 509 2302 dignis
534 2248 765 2290 decantare
787 2249 1042 2303 praeconiis,
1066 2263 1174 2302 quae
1198 2250 1412 2291 mehercle
1437 2250 1546 2290 tales

62 2331 112 2359 ac
138 2324 285 2359 tantae
317 2326 427 2370 sunt,
462 2326 507 2360 ut
528 2320 667 2373 magis
701 2320 943 2361 continuam
975 2321 1178 2362 historiae
1202 2321 1545 2375 perpetuitatem,

62 2403 188 2441 quam
220 2388 431 2431 tantillum
462 2391 648 2444 epistolii
681 2392 1025 2445 compendiolum
1058 2392 1246 2445 exigant,
1272 2393 1545 2445 quamobrem

182 2553 191 2572 ¹
222 2553 354 2593 ,Pauli
377 2555 590 2588 (fros-snes›2sz's
609 2554 769 2588 Rufhcni
789 2555 935 2589 Artium
959 2554 1184 2589 Libe-altum
1205 2556 1379 2599 magistri,
1399 2559 1545 2599 poetae-

61 2622 130 2655 que
150 2623 256 2657 quam
276 2613 480 2647 svavissimi
506 2614 721 2658 Panegyrici
743 2615 788 2647 ad
810 2614 931 2647 divum
950 2614 1159 2647 Ladislauxn
1186 2614 1395 2649 Pannoniae
1423 2625 1545 2656 regem

60 2672 409 2712 victoriosissimum,
438 2676 474 2707 et
501 2676 666 2706 sanctum
694 2673 914 2707 Stanislanm
942 2674 1147 2717 praesulem
1167 2684 1207 2707 ac
1228 2677 1421 2717 martyrem
1440 2674 1545 2707 Polo-

60 2732 141 2766 niae
168 2731 482 2775 gloriosissimum,
503 2735 539 2766 ct
557 2733 728 2776 pleraque
756 2733 825 2766 alia
845 2743 1005 2767 connexa
1034 2733 1191 2767 carmina
1218 2744 1289 2767 non
1310 2733 1386 2767 sine
1414 2743 1546 2777 magna

62 2790 239 2824 svavitatc
279 2791 455 2824 condita>
508 2791 642 2835 Vegye'n:
686 2791 927 2835 „Opusculum
961 2792 1031 2825 hoc
1058 2792 1146 2825 mira
1177 2792 1366 2836 diligentia
1391 2792 1544 2826 Joannis

60 2848 334 2894 W'interburgcr
361 2850 449 2884 civis
476 2850 693 2885 Viennensis
721 2855 757 2885 ct
782 2851 1013 2894 impresseris
1041 2852 1302 2885 accuratissimi
1329 2852 1544 2895 impressum

62 2911 117 2942 cst
144 2909 318 2952 impensis
346 2909 555 2953 Hyeronimi
583 2910 723 2944 doliarii
750 2911 794 2944 de
820 2911 1002 2945 Libental:
1030 2911 1138 2944 Anno
1159 2911 1360 2945 dominicae
1383 2911 1544 2944 incarna-

60 2967 170 3001 tionis
198 2969 298 3001 1509.
326 2968 392 3002 Die
420 2972 548 3011 quarto
575 2970 710 3003 mensis
737 2970 868 3004 .Junii.“
