1919 3273
302 121 373 154 464

304 336 375 377 Ad
388 333 807 377 Reverendz'ssz'mum
822 334 877 375 D.
894 333 1150 375 Ladislaum
1165 333 1405 375 Zalc-anum
1418 332 1794 386 Arehiepiscopum

861 405 1209 460 Striyom'emem.
1228 404 1241 426 ¹

453 524 615 566 Fessus
637 524 760 565 Atlas
783 523 971 564 humeris
995 523 1066 576 qui
1089 522 1255 564 eoelum
1280 528 1322 563 et
1345 521 1502 575 sydera
1524 529 1707 575 torquet,

514 595 741 645 Quesierat
775 595 846 648 qui
877 601 963 636 tam
997 594 1161 648 grande
1196 594 1358 635 subiret
1390 607 1511 635 onus.

453 668 598 709 Noluit
630 666 825 717 Alciden,
859 680 999 719 neque
1033 666 1146 706 enim
1180 666 1410 706 suffecerat
1441 665 1513 706 ille

513 739 619 780 Cum
651 738 767 792 prius
803 738 1054 779 aethereum
1089 737 1363 778 sustinuisset
1397 750 1517 791 opus.

455 810 685 852 salcanum
718 816 764 850 ut
796 809 901 851 vidit
934 814 996 849 tot
1027 808 1139 849 ferre
1172 808 1349 862 negotia
1383 809 1534 860 solum⁷

511 883 565 923 Et
597 887 659 922 tot
693 894 795 922 eura
826 879 1043 921 hominum
1076 880 1193 920 milia
1225 885 1340 920 stare
1375 893 1464 920 sua.

453 953 532 995 Hie
565 953 623 993 ait
654 953 901 993 innumeros
933 951 1151 992 hominum
1185 963 1269 1003 qua
1301 957 1443 991 mente
1476 950 1649 992 labores

515 1024 707 1066 Sustinet
740 1030 781 1064 et
815 1023 922 1064 coeli
955 1022 1118 1075 templa
1149 1022 1355 1075 Deosque
1388 1022 1513 1063 ferat.

977 1187 1126 1229 Aliud.

455 1298 632 1340 Coelum
664 1298 786 1338 Atlas
819 1296 1008 1338 humeris
1042 1302 1084 1337 et
1117 1296 1275 1349 sydera
1305 1300 1448 1349 portat
1480 1302 1521 1336 et
1553 1309 1640 1337 una

516 1369 708 1411 Sustinet
741 1375 942 1409 aeternos
975 1367 1168 1421 pondera
1201 1373 1352 1408 8311013
1385 1367 1501 1408 deos.

454 1442 520 1482 Tu
552 1441 675 1495 regni
708 1453 916 1482 summam
950 1446 991 1480 et
1023 1439 1211 1480 Zaloane
1245 1439 1421 1491 negotia
1453 1445 1600 1492 portas

512 1513 609 1553 Non
641 1512 758 1553 velut
790 1512 862 1552 ille
896 1511 1084 1551 humeris
1117 1510 1266 1561 ardua,
1299 1523 1446 1551 verum
1480 1510 1635 1551 animo.

454 1584 641 1625 Tantum
673 1583 742 1624 1110
775 1582 978 1624 ooelifero
1014 1582 1152 1635 potior
1185 1581 1340 1622 dicaris
1373 1582 1547 1622 Atlante

515 1655 729 1704 Quantum
762 1654 893 1695 animi
924 1653 1037 1695 vires
1070 1652 1260 1706 eorporis
1295 1659 1545 1707 exuperant.

980 1831 1128 1874 Aliud.

458 1928 619 1970 Caesar
651 1928 706 1968 ad
739 1927 945 1969 occiduos
976 1928 1119 1981 longe,
1155 1928 1225 1980 qui
1257 1933 1412 1981 regnat
1443 1927 1604 1978 Iberos,

515 2000 568 2040 Et
599 2001 687 2041 1316
719 1999 942 2052 Hesperiis
975 1999 1176 2053 gentibus
1208 1999 1435 2053 imperitat.

456 2071 545 2113 Iam
569 2072 671 2113 mihi
693 2086 778 2113 11011
803 2072 987 2114 83103116
1010 2071 1149 2112 levem
1179 2070 1406 2111 mandarat
1437 2069 1657 2122 honorem,

517 2143 621 2184 Cum
654 2157 721 2184 me
754 2143 846 2184 fata
879 2143 963 2184 alio
996 2142 1245 2196 proripuere
1278 2155 1387 2183 mea.

458 2214 569 2256 Solis
603 2215 657 2256 ab
691 2221 840 2256 exortu
873 2220 1064 2255 nostrum
1098 2226 1208 2266 quae
1242 2225 1418 2266 surgere
1452 2225 1609 2254 nomen

517 2286 613 2327 Non
644 2286 894 2340 vespertina
927 2285 980 2327 de
1012 2284 1189 2338 regione
1222 2284 1382 2326 volunt.

982 2462 1131 2505 Aliud.

457 2559 595 2613 Regia
627 2572 722 2600 011111
754 2565 914 2601 tractes
949 2558 1134 2600 83103116
1167 2558 1351 2611 negocia
1384 2557 1501 2598 solus

518 2631 609 2672 Nec
642 2630 719 2672 tibi
750 2631 846 2672 11106
881 2630 1015 2683 quies,
1049 2643 1129 2671 1160
1161 2629 1239 2670 tibi
1270 2634 1396 2670 110016
1429 2628 1558 2670 Venit.

459 2702 558 2756 Ipse
591 2708 736 2743 tamen
768 2714 919 2744 versus
954 2706 996 2742 et
1028 2700 1156 2742 docta
1186 2706 1388 2754 poemata
1420 2698 1584 2751 condis,

518 2772 645 2814 Miror
676 2773 896 2814 inauditae
930 2772 1197 2814 dexteritatis
1231 2784 1351 2825 opus.

433 2924 443 2944 ¹
469 2925 503 2958 A
530 2925 662 2959 ozimet
688 2924 732 2959 en
760 2925 892 2958 adtam.
1525 2920 1706 2966 Heyediis.
