1898 3278
1539 169 1605 202 loa

176 304 271 341 VH.
304 304 527 341 Kelemen
559 303 779 351 papanak
817 304 874 339 11.
909 303 1048 351 Lajos
1079 304 1324 352 kiralyhoz
1363 305 1559 343 intezett

770 368 958 406 levele.¹

238 475 348 527 Regi
377 474 593 527 Ungariae
625 473 824 514 Clemens
848 473 928 514 ΡΡ.
951 473 1019 514 VI.
1045 473 1274 516 Carissime
1299 482 1378 517 etc.
1412 476 1605 518 Dilectus

116 545 231 586 filius
262 544 472 598 Georgius
495 544 640 598 Logus
665 543 845 585 Silesius
867 543 1062 585 subditus
1088 545 1342 587 Sei-enitatis
1376 554 1488 598 tuae,
1512 560 1605 588 cum

120 616 175 657 ad
209 616 362 657 almam
398 615 557 657 Urbem
589 615 807 668 religionis
843 621 884 656 et
916 615 1069 657 veniae
1104 630 1129 656 a
1162 617 1344 658 Domino
1378 617 1472 658 Deo
1506 631 1606 659 con-

118 686 368 740 sequendae
414 687 552 739 gratia
597 700 644 728 se
685 687 951 738 contulisset,
999 700 1048 728 ac
1088 694 1262 741 propter
1306 688 1525 741 ingenium
1565 695 1605 729 et

116 758 283 799 litteras
317 771 343 799 a
376 757 633 799 doctissimis
679 758 805 799 huius
850 758 1035 799 civitatis
1081 759 1181 799 viris
1214 759 1255 799 in
1289 758 1449 800 honore
1490 767 1606 800 esset

116 829 291 870 habitus
337 829 471 869 astitit
515 829 641 870 etiam
681 842 823 870 coram
857 829 1005 870 nobis:
1053 842 1105 869 ex
1139 842 1221 881 quo
1263 842 1340 870 nos
1374 836 1604 883 praesente

119 900 270 941 melius
304 912 472 952 quoque
506 900 798 953 cognovimus,
846 899 958 952 quod
993 899 1259 940 sermonibus
1294 900 1517 941 multorum
1552 900 1607 941 ad

118 983 197 1011 nos
229 970 369 1012 fuerat
408 970 632 1024 perlatum,
680 983 887 1012 summum
920 970 963 1011 in
998 983 1047 1011 eo
1082 983 1179 1012 esse
1218 971 1449 1024 ingenium.
1496 984 1605 1012 sum-

117 1055 231 1083 mum
265 1055 516 1096 graecarum
551 1048 592 1082 et
624 1042 851 1082 latinarum
882 1042 1119 1082 litterarum
1154 1042 1353 1093 studium,
1387 1043 1429 1083 in
1452 1043 1605 1095 quibus

119 1112 228 1154 adeo
261 1113 384 1155 nobis
430 1113 669 1167 profecisse
703 1113 819 1154 visus
854 1120 932 1164 est,
979 1120 1023 1153 ut
1057 1113 1313 1154 carminibus
1353 1114 1607 1167 praesertim

118 1184 361 1238 pangendis
406 1197 568 1238 paucos
614 1183 843 1224 cuiuslibet
887 1183 1044 1224 aetatis
1090 1190 1130 1225 et
1163 1190 1308 1225 nostro
1355 1190 1396 1225 et
1429 1184 1606 1225 aliorum

117 1255 275 1297 iudicio
309 1255 489 1296 haberet
522 1268 661 1308 pares.
710 1254 918 1307 Quodque
952 1254 1075 1296 nobis
1108 1254 1282 1296 mirifice
1316 1256 1491 1309 placuit,
1525 1256 1605 1309 pri-

118 1326 379 1379 mariamque
407 1326 449 1367 in
473 1340 523 1367 eo
547 1325 716 1367 laudem
746 1326 940 1367 obtinere
966 1326 1102 1367 visum
1131 1332 1209 1377 est,
1238 1340 1289 1367 ea
1320 1327 1481 1380 pietate
1509 1340 1606 1368 cum

117 1397 405 1438 intelleximus
428 1396 681 1451 praeditum,
706 1404 751 1437 ut
774 1396 1010 1438 doctrinam
1041 1410 1158 1438 suam
1183 1398 1314 1439 vellet
1337 1398 1604 1451 potissimum

119 1482 212 1510 cum
245 1469 328 1509 Dei
362 1468 521 1509 honore
556 1474 597 1509 et
631 1468 745 1509 cultu
779 1481 905 1509 verae
940 1468 1160 1521 religionis
1194 1481 1291 1509 esse
1322 1469 1603 1510 coniunctam.

115 1539 158 1581 Is
203 1539 327 1580 nobis
374 1539 563 1581 narravit
607 1552 653 1580 se
688 1539 905 1580 biennium
951 1552 1056 1580 sane
1090 1540 1131 1580 in
1171 1540 1322 1580 Italiae
1369 1540 1605 1593 gymnasiis

118 1610 270 1652 litteris
301 1624 475 1664 operam
508 1610 696 1661 dedisse,
731 1609 923 1651 adiutum
955 1610 1212 1651 liberalitate
1247 1618 1287 1651 et
1317 1610 1606 1652 munificentia

118 1680 373 1723 Serenitatis
406 1687 518 1732 tuae,
554 1681 667 1734 quod
701 1682 740 1722 ei
773 1695 958 1722 annuum
993 1681 1229 1723 subsidium
1276 1682 1527 1723 ducatorum
1560 1681 1605 1737 (l)

116 1765 341 1794 aureorum
393 1753 720 1794 constituisses:
776 1754 1107 1807 gratissimoque
1158 1753 1299 1794 animo
1350 1767 1448 1795 sese
1497 1767 1604 1808 opus

117 1829 234 1865 tuum
280 1830 321 1865 et
354 1823 432 1865 abs
465 1830 507 1865 te
553 1824 713 1865 factum
759 1837 857 1865 esse
891 1824 1169 1878 praedicavit.
1225 1824 1350 1873 Quod
1389 1825 1512 1866 nobis
1552 1825 1605 1867 de

116 1901 191 1936 tua
225 1894 465 1936 Serenitate
500 1908 670 1949 semper
702 1895 860 1949 optime
894 1895 1181 1936 sentientibus
1215 1895 1332 1936 auxit
1365 1896 1493 1937 etiam
1518 1897 1606 1951 opi-

116 1967 286 2007 nionem
307 1966 585 2020 benignitatis
609 1972 724 2017 tuae,
750 1979 843 2007 cum
866 1966 1109 2007 videremus
1129 1973 1171 2007 te
1194 1966 1251 2018 id,
1286 1966 1400 2019 quod
1422 1968 1604 2009 maxime

115 2046 182 2079 est
215 2038 392 2091 regium,
426 2038 479 2078 de
503 2037 744 2078 animandis
768 2037 823 2078 ad
848 2038 1031 2091 optimas
1065 2044 1179 2078 artes
1201 2038 1282 2082 his,
1318 2038 1451 2091 quiin
1471 2052 1604 2092 regno

115 2115 188 2150 tuo
222 2109 311 2150 nati
344 2115 454 2160 sunt,
490 2109 552 2150 eis
586 2115 628 2150 et
661 2122 762 2151 cura
795 2115 836 2150 et
861 2114 1031 2162 sumptu
1066 2109 1301 2151 elaborare.
1335 2110 1437 2151 Cum
1462 2116 1605 2151 autem

115 2180 152 2221 is
174 2180 228 2221 ad
263 2179 548 2221 Serenitatem
573 2188 688 2221 tuam
718 2180 930 2222 rediturus
965 2187 1095 2231 esset,
1130 2180 1211 2221 etsi
1235 2194 1603 2235 supervacaneum

115 2250 412 2292 iudicabamus
447 2251 523 2293 tibi
568 2265 662 2292 eum
710 2251 1010 2293 commendare
1058 2258 1306 2305 (propterea
1352 2252 1465 2305 quod
1499 2252 1603 2293 satis

117 2335 196 2363 sua
227 2323 381 2364 virtute
406 2328 448 2363 et
470 2329 541 2363 tuo
574 2323 617 2363 in
639 2323 757 2364 illum
777 2322 934 2364 iudicio
958 2329 1074 2364 esset
1100 2323 1443 2376 commendatus)
1472 2324 1603 2379 *solui-

115 2407 209 2436 mus
240 2400 384 2435 tamen
418 2394 496 2435 has
529 2394 584 2435 ad
617 2401 658 2436 te
693 2394 879 2436 scribere
912 2395 1090 2445 litteras,
1126 2408 1236 2447 quae
1270 2395 1438 2449 pondus
1472 2385 1603 2444 liabe-

115 2470 210 2505 rent
242 2465 384 2519 potius
416 2466 648 2507 testimonii
679 2466 813 2507 nostri
847 2479 971 2518 quam
1004 2465 1400 2516 commendationis,
1432 2472 1475 2506 ut
1509 2479 1603 2507 cum

115 2540 161 2576 tu
194 2542 347 2589 sponte
381 2535 436 2577 ad
468 2536 581 2578 hunc
613 2537 811 2578 iuvenem
845 2536 1081 2578 ornandum
1115 2542 1156 2577 et
1189 2536 1419 2577 fovendum
1454 2545 1495 2578 te
1530 2537 1602 2580 de-

116 2606 271 2658 disses,
317 2607 496 2661 primum
527 2608 792 2661 intelligeres
835 2608 1056 2662 praeclare
1090 2608 1167 2648 abs
1201 2614 1244 2648 te
1278 2614 1319 2648 et
1352 2621 1525 2661 operam
1560 2616 1602 2651 et

113 2677 416 2719 liberalitatem
462 2686 577 2719 tuam
609 2678 745 2720 fuisse
779 2679 974 2733 positam,
1021 2692 1305 2733 magnamque
1345 2686 1444 2720 tuae
1478 2679 1601 2720 Sere-

236 2828 246 2848 ¹
266 2829 399 2863 Kiadta
419 2829 578 2864 Theiner
599 2829 750 2869 „Vetera
768 2830 1001 2863 Monumenta
1019 2829 1200 2863 Historica
1216 2830 1438 2875 Hungariam
1457 2830 1602 2866 Sacram

114 2887 345 2922 Illustrantia.
373 2889 511 2923 Romae
539 2889 640 2923 1860.
668 2888 710 2923 ΙΙ.
737 2900 771 2933 p.
800 2890 878 2923 654.
911 2889 981 2929 „Ex
1008 2889 1098 2933 Reg.
1118 2889 1207 2933 orig.
1234 2890 1302 2922 An.
1323 2889 1365 2923 11.
1392 2891 1490 2924 brev.
1518 2891 1600 2933 (litt.

116 2945 292 2989 Sadoleti)
319 2947 380 2982 lib.
407 2948 466 2981 IX.
493 2948 556 2982 fol.
584 2949 661 2982 235.
