1898 3278
1540 151 1584 183 57

104 295 254 347 Neque
288 294 424 335 minus
445 299 731 347 spectatorem
755 292 996 334 distrahunt
1020 293 1177 334 virides
1203 293 1350 346 euripi,
1376 292 1584 347 piscinae,

102 365 326 418 gymnicus
359 377 485 417 agon,
519 370 560 404 et
593 363 875 417 hyppodromi
896 368 1067 416 praeter
1087 363 1275 405 Danubii
1299 364 1435 417 ripam
1456 364 1584 417 longe

104 435 310 489 producti.
330 435 482 476 Verum
500 434 608 475 haec
626 434 767 475 omnia
782 447 867 475 non
885 433 941 475 ad
955 434 1251 487 Visegradum,
1269 435 1346 476 sed
1363 435 1584 487 Cumarae,

104 505 253 547 Budae
283 512 324 546 et
352 505 394 545 in
417 505 559 545 multis
589 504 679 545 fere
706 505 811 546 locis
840 505 969 557 longe
991 505 1153 546 maiora
1182 512 1441 559 spectantur.
1475 504 1586 554 Quid

103 576 296 617 Budensi
327 588 425 616 arce
459 575 684 629 superbius
716 575 896 617 inveniri
928 575 1065 629 possit
1096 576 1212 616 haud
1244 576 1371 617 facile
1395 577 1585 625 dixerim,

103 648 177 689 ubi
194 647 435 689 subdivalia
452 647 588 700 plura7
605 646 702 687 fons
719 646 761 686 in
781 660 884 687 area
901 646 1282 698 elabomfissimus,
1298 661 1443 688 aream
1460 648 1586 701 porti-

103 733 178 761 cus
197 720 296 760 laxa
320 717 626 771 complectitur,
653 731 782 771 supra
810 717 1017 771 porticum
1045 717 1334 759 obambulatio
1363 718 1586 759 duodecim

104 791 214 832 coeli
247 790 380 843 signis
402 789 587 830 illustris.
621 788 685 829 Ibi
705 788 1011 830 bibliothecam
1035 789 1235 837 statuisti,
1263 789 1335 830 ubi
1355 803 1439 830 non
1460 789 1586 830 modo

104 874 299 914 quaeque
319 860 589 901 scientiarum
613 860 840 903 volumina,
861 859 938 901 sed
957 860 1106 901 stellas
1124 866 1165 900 et
1184 860 1340 913 sydera
1360 873 1587 901 recensere

101 932 215 973 licet.
261 932 401 984 Auget
446 931 571 971 huius
615 930 797 984 gratiam
845 930 1033 971 Danubii
1078 932 1362 983 aequorisque
1407 931 1589 972 subiecti

102 1003 257 1056 longus
279 1003 477 1054 latusque
498 1007 764 1055 prospectus.
787 1001 965 1042 Dimitto
988 1002 1159 1055 regales
1183 1002 1329 1043 hortos
1353 1002 1588 1043 hortorum-

104 1087 186 1126 que
220 1073 368 1114 domos
402 1080 443 1113 et
476 1072 658 1126 topiaria
690 1086 847 1126 opera3
883 1072 1046 1113 dimitto
1078 1073 1315 1114 Herculeas
1350 1079 1516 1114 statuas
1546 1073 1588 1113 in

103 1144 308 1198 propyleo
343 1150 532 1194 stantes3
579 1144 742 1185 dimitto
775 1144 925 1185 valvas
959 1157 1120 1185 aeneas
1160 1150 1279 1185 tanta
1320 1151 1409 1185 arte
1446 1144 1588 1185 elabo-

103 1223 234 1266 ratas,
269 1228 378 1267 quae
412 1215 448 1255 si
474 1227 771 1269 prosequerer,
802 1215 971 1256 viderer
993 1215 1178 1256 fortasse
1200 1215 1341 1269 potius
1374 1216 1589 1256 Maiestati

103 1291 273 1326 vestrae
307 1285 490 1326 blandiri
523 1291 565 1326 et
596 1285 824 1326 detrahere
857 1286 1074 1336 vetustati,
1109 1299 1234 1338 quam
1257 1300 1359 1327 vera
1387 1286 1588 1337 scribere,

105 1370 215 1409 quae
249 1356 456 1409 denegari
488 1363 719 1409 nequeunt.
754 1357 801 1397 In
837 1370 934 1397 arce
967 1356 1201 1398 Viennensi
1224 1358 1413 1411 pensiles
1443 1357 1588 1398 hortos

104 1427 277 1468 erexisti
309 1428 549 1481 pensilique
595 1428 760 1481 porticu
794 1427 1023 1473 obduxisti,
1063 1441 1116 1468 ne
1152 1441 1305 1482 corpus
1339 1428 1406 1469 die
1441 1435 1588 1469 noctu-

105 1512 186 1551 que
210 1498 494 1552 defatigatum
516 1498 817 1552 intempestive
841 1498 995 1539 confici
1011 1499 1218 1541 videatur.
1241 1499 1411 1540 Caeteri
1438 1499 1590 1553 princi-

106 1583 182 1623 pes
215 1576 414 1611 cessante
447 1569 582 1610 Marte
616 1576 688 1610 aut
714 1570 942 1611 venatione
976 1576 1049 1611 aut
1079 1571 1339 1624 spectaculis
1374 1570 1588 1611 choraeis—

105 1653 187 1693 que
206 1654 303 1682 sese
321 1648 530 1692 recreant,
555 1646 808 1695 tempusque
834 1654 915 1693 quo
940 1641 1043 1681 nihil
1070 1642 1333 1695 praeciosius
1355 1642 1437 1682 hac
1456 1643 1589 1683 sterili

103 1712 369 1753 recreatione
408 1712 572 1753 terunt!
620 1713 714 1753 Tua
748 1713 953 1753 Maiestas
990 1726 1075 1753 non
1108 1713 1164 1753 ad
1196 1713 1312 1753 feras
1346 1713 1423 1754 sed
1456 1713 1589 1754 homi—

104 1796 182 1824 nes
226 1783 448 1825 venandos
494 1789 536 1824 et
580 1783 880 1837 aucupandam
924 1784 1269 1825 inmortalitatem
1315 1790 1478 1825 tantum
1525 1792 1591 1826 est

104 1854 281 1903 intenta,
327 1868 350 1896 o
384 1854 571 1896 divinum
603 1854 1061 1908 indefatigabilemque
1104 1855 1303 1905 animum,
1346 1856 1413 1896 cui
1445 1855 1480 1897 si
1513 1869 1591 1909 par

105 1938 259 1978 corpus
299 1925 526 1978 obtigisset
557 1932 619 1967 tot
651 1926 816 1967 bellicis
848 1926 1067 1967 laboribus
1101 1926 1289 1967 attritum
1322 1927 1426 1967 nihil
1460 1939 1590 1980 super

106 2002 223 2037 esset
255 2009 337 2048 quo
371 1997 553 2051 amplius
585 2003 734 2051 posset
766 1997 938 2050 gloriari
970 2004 1164 2038 vetustas
1198 2003 1240 2038 et
1272 2011 1347 2051 pro
1382 1997 1590 2051 dignitate

107 2080 438 2109 commemorare
483 2068 725 2122 posteritas.
776 2068 864 2110 Sed
908 2068 1121 2109 refocillat
1161 2068 1302 2110 adhuc
1340 2068 1590 2120 refovetque

107 2151 261 2192 corpus
293 2139 447 2192 ingens
480 2140 609 2180 animi
641 2139 904 2193 magnitudo.
940 2139 1051 2188 Quid
1084 2139 1242 2181 dixeris
1269 2140 1353 2180 iam
1385 2140 1477 2181 viso
1511 2140 1592 2181 hoc

106 2209 234 2261 libro,
281 2223 405 2262 quem
450 2210 493 2251 in
537 2210 734 2252 Latinum
790 2210 892 2251 mihi
936 2210 1244 2252 traducendum
1285 2210 1592 2252 demandasti?

107 2280 260 2322 Nonne
305 2281 462 2331 statim,
507 2281 601 2322 visa
644 2282 835 2335 pontium
880 2281 1207 2335 ichnographia,
1255 2281 1308 2323 de
1340 2281 1592 2323 traiiciendo

108 2365 344 2393 marmoreo
368 2359 497 2406 ponte
516 2353 729 2403 Danubio,
749 2353 925 2394 Traiani
942 2354 1152 2407 exemplo,
1171 2366 1222 2394 ac
1240 2349 1592 2408 dessaedificandis

110 2423 326 2476 plerisque
348 2424 524 2465 urbibus
547 2425 590 2465 in
612 2425 838 2465 Pannonia
862 2423 1097 2478 cogitasti?
1120 2424 1231 2473 Quid
1256 2430 1401 2465 erecta
1422 2424 1464 2464 in
1488 2437 1593 2465 sano

109 2500 279 2548 sumptu
312 2495 391 2537 sub
424 2502 495 2537 tuo
528 2496 698 2538 nomine
732 2497 893 2550 templa
920 2495 1282 2538 commemorem?
1318 2496 1394 2537 Sat
1426 2509 1501 2549 pro
1525 2509 1591 2536 me

109 2564 321 2608 Basilicae
355 2566 549 2608 Albanae
571 2567 884 2620 Budensesque
905 2568 1145 2620 loquentur,
1170 2580 1245 2621 pro
1274 2567 1427 2620 quibus
1451 2580 1592 2608 sacro-

109 2649 199 2676 rum
243 2650 392 2690 regum
437 2651 585 2679 manes
630 2639 923 2692 pientissimae
970 2638 1230 2679 Serennitati
1268 2638 1389 2678 Tuae
1430 2638 1592 2690 gratias

110 2708 316 2759 quottidie
361 2722 491 2762 agere
537 2710 733 2751 videntur
767 2716 808 2751 et
840 2709 1153 2751 beneficentiae
1198 2715 1297 2750 tuae
1338 2722 1384 2749 se
1418 2708 1592 2749 mirifice

111 2777 269 2820 debere
301 2779 500 2821 fatentur.
551 2780 796 2822 Secundum
828 2780 1073 2821 Danubium
1114 2780 1277 2822 vivaria
1309 2786 1393 2820 tam
1435 2780 1594 2832 ampla,

112 2855 154 2890 et
176 2855 260 2890 tam
294 2860 502 2905 perpetuo
527 2865 688 2905 aggere
722 2852 922 2903 statuisti,
956 2857 1001 2892 ut
1032 2851 1312 2892 inundantem
1333 2850 1592 2903 exciperent.

112 2919 216 2968 Quis
248 2935 332 2962 non
366 2922 401 2963 si
432 2923 515 2964 loci
547 2936 598 2964 ac
631 2924 834 2977 temporis
868 2923 974 2964 ratio
1008 2922 1231 2974 habeatur,
1270 2922 1352 2962 hoc
1384 2921 1593 2961 Romano-
