1919 3273
1515 93 1583 128 503

533 303 678 340 Zalka
704 304 841 339 Janos
873 303 1144 350 tankonyve

271 391 339 424 258
365 389 523 425 levelbffl
549 389 681 434 (papir)
708 391 766 429 all,
794 389 843 431 8⁰,
868 390 1018 435 Javitott
1043 389 1181 424 eredeti
1206 387 1392 423 borkotes.
1409 388 1419 407 ¹

217 498 340 552 Eleje
374 498 538 540 csonka
579 500 626 540 es
659 512 707 539 az
741 511 874 552 egyes
905 498 1036 552 lapok
1080 510 1250 551 nagyon
1283 509 1383 550 meg
1412 497 1587 540 vannak

99 570 319 624 rongalva.

113 664 186 706 fol.
212 664 278 706 la.
313 665 544 719 capitulum
579 670 774 717 quartum
808 664 860 706 de
892 664 1034 705 littera
1066 664 1322 706 dominicali.

142 770 159 787 .,
211 735 277 777 la.
420 770 436 786 „
579 735 771 787 quintum
804 735 857 776 de
890 735 1129 776 intervallo.

143 840 159 855 ,,
210 806 276 848 11).
418 840 433 855 ,,
577 812 744 847 sextum
779 806 832 847 (16
866 806 1231 848 concurrentibus.

138 912 154 927 „
204 876 271 919 2a.
415 911 431 927 ,‚
573 877 801 931 septimum
834 877 887 918 de
919 877 1043 918 festis
1074 878 1260 930 quinque
1284 877 1524 919 mobilibus.

142 983 158 997 „
207 947 275 990 Za.
415 980 434 997 „
575 954 772 989 octavum
791 948 844 989 de
866 948 1004 990 forma
1022 948 1104 989 celi
1121 954 1164 989 et
1181 948 1329 990 ordine
1350 961 1584 1002 sperarum.

142 1053 158 1067 ,,
210 1018 278 1062 3a.
422 1053 438 1069 ‚,
579 1032 736 1059 nonum
770 1018 823 1059 de
857 1025 1037 1071 quatuor
1069 1019 1306 1060 elementis.

142 1125 158 1140 „
208 1089 276 1133 3b.
418 1123 435 1139 „
577 1089 787 1130 decimum
806 1089 859 1130 de
883 1090 965 1131 situ
991 1096 1032 1131 et
1054 1095 1170 1131 motu
1186 1089 1441 1131 firmamenti
1457 1095 1585 1142 atque

636 1160 689 1201 de
724 1161 977 1213 equinoctiis
1012 1167 1053 1202 et
1086 1161 1301 1202 solsticiis.

143 1267 158 1281 .,
207 1232 276 1274 41).
417 1264 434 1285 ,,
575 1231 845 1273 undecimum
880 1232 933 1273 de
957 1232 1204 1286 aspectibus
1227 1229 1283 1286 (Ῥ)
1316 1232 1586 1286 planetarum

634 1288 807 1345 haudiio
842 1303 895 1345 de
930 1303 1163 1357 eclipsibus
1197 1303 1300 1344 solis
1335 1308 1377 1344 et
1406 1303 1520 1344 lune.

143 1409 159 1424 ‚,
209 1373 276 1417 51).
420 1409 436 1424 ,,
579 1374 877 1416 duodecimum
912 1374 964 1416 (16
997 1379 1114 1415 motu
1148 1374 1264 1416 solis.

140 1479 155 1495 ‚,
206 1445 274 1487 5b.
416 1479 432 1495 ,,
575 1445 628 1487 de
661 1452 777 1486 motu
810 1446 923 1487 lune.

143 1551 158 1565 ,,
209 1515 275 1559 ssa.
420 1551 435 1566 ,,
578 1516 790 1558 decimum
811 1524 1007 1569 quartum
1022 1515 1075 1557 de
1095 1515 1392 1558 coniunctione
1411 1521 1586 1570 etoppo-

639 1588 792 1629 sitione
826 1587 928 1629 solis
963 1593 1004 1628 et
1036 1587 1149 1629 lune.

142 1690 156 1703 „
207 1657 274 1701 Ta.
419 1693 435 1709 „
577 1659 768 1712 quintum
792 1658 1003 1700 decimum
1023 1658 1075 1699 de
1097 1658 1341 1699 nominibus
1363 1658 1585 1699 mensium.

139 1763 156 1781 „
204 1728 271 1771 7a.
415 1764 432 1780 „
573 1729 785 1771 decimum
818 1735 984 1770 sextum
1018 1729 1071 1770 de
1117 1728 1342 1781 Kalendis,
1375 1728 1510 1770 Nonis
1545 1733 1587 1769 et

643 1800 822 1842 Ydibus.

142 1907 157 1922 ,‚
208 1872 275 1915 71).
417 1907 433 1922 „
577 1871 627 1914 11
665 1872 718 1913 (16
746 1871 867 1913 viciis
900 1877 1082 1924 quatuor
1111 1877 1347 1925 temporum
1380 1870 1481 1911 anni
1504 1874 1585 1911 etc.

142 1978 158 1993 ,,
208 1943 275 1986 71).
418 1976 435 1996 „
575 1943 769 1984 ultimum
802 1943 855 1984 de
888 1942 1076 1996 angariis
1121 1948 1301 1995 quatuor
1332 1946 1583 1995 temporum.

145 2049 160 2065 ‚‚
209 2013 277 2058 Sa.
311 2027 387 2068 pro
411 2014 531 2056 cuius
550 2014 843 2068 complecione
862 2013 916 2054 sit
934 2013 1041 2054 deus
1058 2012 1312 2055 benedictus
1330 2025 1408 2066 per
1424 2012 1585 2054 secula.

373 2085 511 2127 Amen
546 2084 672 2128 1489.

331 2157 565 2211 Computus
599 2156 814 2199 novellum
847 2154 884 2209 (ἱ)
904 2152 1130 2208 novellmg)
1163 2155 1301 2196 tocius
1334 2154 1424 2196 fere
1453 2160 1586 2196 astro-

387 2229 529 2270 nomie
546 2228 872 2270 fundamentum
895 2226 1225 2280 pulcherrimum
1247 2225 1471 2267 continens
1493 2225 1587 2267 feli-

388 2300 494 2341 citer
527 2299 713 2354 explicit.

328 2371 497 2412 Tabula
527 2370 733 2412 facierum
767 2367 808 2423 (a
841 2368 1124 2422 csillagzatok
1157 2365 1351 2422 alakjai).

118 2442 190 2483 fol.
213 2439 402 2484 Sb—ea.
436 2440 715 2482 astronomiai
747 2439 928 2493 figurak.

147 2546 163 2564 „
215 2511 340 2556 lOab.
375 2526 459 2567 egy
491 2512 722 2555 cisioianus
755 2511 860 2552 latin
893 2511 1087 2563 nyelven.

143 2619 159 2634 ,‚
211 2583 307 2626 111).
341 2583 617 2625 astronomiai
649 2582 797 2636 figura.

224 2699 237 2719 2
263 2699 297 2734 A
322 2700 384 2734 fol.
413 2699 524 2734 la-tol
549 2699 613 2733 fol.
640 2699 738 2743 Sa-ig
774 2697 916 2742 terjed6
943 2695 1073 2731 reszek
1109 2697 1208 2731 mind
1233 2697 1369 2731 leonini
1394 2695 1588 2731 borzaszto

105 2759 237 2801 (times)
274 2759 607 2794 hexameterekben
644 2757 789 2792 vannak
826 2758 911 2797 irva,
951 2757 1096 2791 szztmos
1135 2766 1196 2791 sor
1232 2756 1355 2791 fo'lotti
1393 2756 1589 2801 glossaval.

104 2817 251 2853 Minden
275 2828 389 2863 egyes
415 2818 553 2864 sejezet
578 2818 665 2852 utan
696 2827 780 2860 „pro
808 2816 1072 2851 declaratione“
1103 2817 1194 2850 czim
1221 2816 1311 2850 alatt
1335 2815 1460 2860 prozai
1484 2825 1589 2859 para-

105 2877 258 2920 phrasis.
