1898 3278
257 150 300 184 18

256 307 327 337 oro
361 294 573 347 benignus
607 295 771 349 excipe,
805 295 917 337 inter
950 296 1145 349 aliosque
1178 303 1377 339 auctores
1403 298 1444 339 in
1468 298 1552 340 ista
1583 299 1741 342 Biblio-

254 367 381 407 theca
403 365 533 407 totius
553 365 667 408 orbis
690 371 896 407 terrarum
919 367 1187 408 nobilissima
1210 368 1407 410 Fontium
1430 376 1544 411 tuum
1567 383 1740 425 repone.

254 438 369 479 Vale.
404 437 647 478 Florentiae
682 437 793 480 XVI.
829 437 915 479 Cal.
948 438 1140 480 Januarii
1176 438 1301 482 1471.

333 659 677 696 Bartholomaei
709 659 866 695 Fontii
908 659 1087 696 Tadeus
1121 660 1289 708 incipit
1315 661 1373 697 ad.
1404 662 1656 699 Matthjam

557 718 804 755 Corvinum
829 719 1007 765 Regem
1032 718 1400 756 invictissimum.
1420 723 1429 742 ¹

367 830 571 873 Dubitavi
603 830 928 884 aliquantisper7
960 830 1123 872 Mathia
1147 831 1341 883 Corvine,
1371 832 1462 873 Rex
1484 834 1736 886 praeclaris-

247 902 367 954 sime,
402 902 640 943 dicaremne
682 900 905 943 Maiestam·
939 906 1037 943 tuae
1062 901 1304 954 perbrevem
1329 917 1491 956 perque
1534 903 1732 946 humilem

245 972 359 1015 hunc
390 986 636 1024 sermonem,
670 972 862 1014 habitam
894 986 1035 1025 nuper
1067 986 1163 1014 cum
1195 973 1345 1015 Tadeo
1380 974 1612 1028 Ugholetto
1645 976 1734 1018 viro

246 1044 493 1086 doctissimo
528 1050 570 1085 et
590 1043 646 1085 ad
674 1050 789 1085 tuam
819 1043 1133 1085 Bibliotheeam
1162 1044 1470 1098 perficiendam
1496 1046 1733 1100 aptissimo.

244 1115 492 1157 Maluissem
539 1115 652 1156 enim
698 1115 781 1157 hoe
824 1115 946 1156 initio
993 1129 1115 1156 meae
1161 1129 1265 1169 erga
1302 1122 1344 1157 te
1384 1123 1620 1170 perpetuae
1659 1117 1732 1159 ob-

244 1187 488 1228 servantiae
521 1186 828 1238 declarandae,
863 1187 1035 1228 misisse
1070 1186 1244 1239 aliquod
1278 1200 1386 1241 opus
1430 1188 1654 1241 insignius,
1690 1196 1733 1230 et

242 1258 404 1311 Regiae
439 1258 683 1299 celsitudini
727 1264 827 1300 tuae
863 1259 1200 1300 convenientius.
1251 1258 1327 1299 Cui
1358 1272 1444 1301 non
1475 1259 1558 1301 nisi
1589 1261 1731 1302 multis

240 1329 607 1371 lucubrationibus
631 1329 820 1383 expolita
846 1335 889 1371 et
911 1330 966 1371 ad
992 1330 1195 1371 amussim
1220 1329 1416 1384 perfecta
1448 1330 1574 1373 decet
1598 1331 1731 1373 dicari

241 1414 382 1454 opera.
415 1401 572 1442 Verum
604 1401 665 1442 tui
698 1401 999 1442 excellentiam
1033 1401 1162 1442 animi
1195 1414 1360 1443 mecum
1392 1408 1611 1456 reputans,
1644 1416 1730 1445 non

240 1471 354 1513 dona
386 1472 465 1513 sed
498 1472 679 1513 affectus
701 1472 951 1513 donantium
978 1472 1209 1523 intuentis;
1245 1472 1418 1515 decrevi
1438 1486 1533 1514 eum
1553 1473 1728 1515 tandem

239 1543 294 1584 ad
326 1549 368 1585 te
401 1544 689 1585 transmittere
723 1551 880 1598 putans
914 1544 1005 1585 fore
1050 1544 1127 1585 tibi
1166 1557 1251 1585 non
1295 1544 1570 1586 iniocundum
1604 1557 1727 1599 prae-

238 1615 382 1656 sertim
418 1628 513 1656 cum
545 1614 602 1656 ad
635 1628 732 1656 eum
768 1615 1044 1656 referendum
1078 1616 1155 1656 sim
1189 1615 1444 1656 adhortatus
1477 1616 1531 1657 ab
1556 1616 1727 1658 homine

237 1686 529 1728 amantissimo
563 1692 604 1727 et
636 1686 879 1728 Maiestatis
913 1693 1014 1728 tuae
1051 1686 1375 1747 studiosissimo.
1409 1687 1517 1728 Nam
1550 1687 1725 1729 Tadeus

234 1772 302 1801 me
344 1758 546 1811 proximis
590 1757 742 1799 diebus
785 1758 1075 1811 superioribus
1115 1758 1230 1799 domi
1276 1757 1584 1811 scriptitantem
1617 1761 1725 1800 fcum

232 1829 483 1881 invenisset,
518 1829 619 1882 quid
651 1828 787 1881 inquit
819 1828 902 1870 hoc
938 1834 1004 1870 est
1035 1829 1190 1883 operis,
1226 1828 1339 1881 quod
1371 1842 1484 1870 nunc
1516 1829 1654 1871 habes
1678 1830 1724 1871 in

233 1899 466 1942 manibus?
501 1900 577 1941 Oui
611 1914 718 1954 ego:
760 1900 825 1941 De
871 1900 1058 1941 Poeticis
1090 1900 1208 1942 locis,
1262 1901 1382 1942 Tunc
1423 1900 1509 1952 ille,
1551 1900 1723 1953 quibus-

234 1972 330 2013 dam
364 1985 416 2013 ex
447 1972 499 2013 iis
523 1972 762 2026 percursis:
798 1972 902 2021 Hoc,
939 1972 1013 2023 ait,
1037 1972 1180 2012 multis
1204 1971 1306 2012 utile
1341 1985 1449 2026 opus
1483 1977 1524 2013 et
1556 1979 1723 2026 gratum

231 2043 371 2096 Regi.
400 2074 471 2085 ...

312 2227 661 2278 Bar-tholomaei
687 2240 849 2277 Fontii
878 2241 1092 2278 Saxettus
1118 2240 1296 2287 Incipit
1323 2241 1381 2277 ad
1407 2241 1436 2277 J
1439 2251 1638 2278 oannem

585 2301 834 2337 Corvinum
862 2301 1094 2336 Matthiae
1121 2299 1266 2347 Regis
1294 2301 1364 2337 F.2

374 2412 582 2453 Matthiae
615 2412 747 2466 Regis
783 2412 965 2454 Soboles
1001 2412 1183 2454 Corvina
1214 2412 1432 2454 Joannes:

435 2483 569 2533 Quem
604 2484 784 2525 similem
817 2484 965 2537 magni
999 2483 1212 2525 cernimus
1246 2496 1344 2526 esse
1378 2483 1548 2525 Patris:

346 2646 355 2666 ¹
383 2657 404 2680 a
433 2647 620 2687 „Tadeus“
650 2646 768 2692 vegen
795 2655 844 2691 (p.
874 2648 959 2689 affl:
992 2647 1280 2683 „Bartholomaei
1307 2647 1428 2681 Fontii
1454 2647 1624 2682 Tadeus:
1656 2649 1714 2683 vel

224 2707 269 2741 de
295 2705 403 2741 Locis
428 2706 612 2740 Persianis
639 2706 730 2747 finit,
747 2707 792 2740 ad
811 2707 1001 2741 Matthiam
1022 2705 1217 2740 Corvinum
1243 2707 1383 2751 Regem
1400 2706 1712 2742 invictissimum“.

341 2777 353 2796 ²
381 2778 554 2822 Ugyanaz
582 2777 808 2813 Remus-fele
835 2778 1030 2813 kiadasbol
1068 2780 1116 2822 (p.
1144 2779 1236 2821 374),
1265 2778 1353 2812 mint
1379 2788 1400 2811 a
1425 2778 1616 2823 megelozo'
1652 2778 1712 2813 de-

223 2837 368 2871 dicatio.
402 2837 436 2871 A
461 2836 540 2871 sent
572 2837 699 2872 kozo'lt
737 2838 948 2873 levelekkel
986 2836 1026 2873 es
1064 2839 1203 2873 verssel
1229 2840 1421 2872 tiizetesen
1445 2837 1710 2882 foglalkoztam

225 2896 546 2936 „Bartholomaeus
584 2897 756 2932 Fontius“
799 2897 915 2932 czimfi
943 2895 1280 2939 ertekezesemben,
1306 2897 1403 2941 mely
1429 2897 1630 2942 mng'elent
1668 2907 1710 2931 az

224 2954 597 2996 „Irodalomtorteneti
623 2955 922 3002 Kozlemenyek“
952 2957 1054 2991 1902.
1082 2956 1138 2992 evi
1165 2956 1414 3001 folyamaban.
