1955 3278
89 402 156 437 205

88 756 155 791 210

86 1111 154 1145 215

85 1467 105 1500 [0

109 1467 153 1501 ยน309

83 1822 150 1856 225

83 2178 151 2213 230

82 2535 148 2568 235

82 2889 150 2925 240

1500 112 1570 147 303

266 251 355 292 Ista
387 252 539 302 solent,
572 257 735 293 tantum
769 252 931 294 discors
965 259 1049 294 stat
1081 254 1217 307 lymes
1251 253 1419 308 Olympi

270 321 491 363 Sideribus
524 322 673 363 domus
705 336 791 363 una
824 323 911 364 suis
945 330 987 364 et
1018 329 1108 365 tota
1140 324 1218 366 sub
1252 325 1376 366 astris

265 393 465 435 Machina
487 399 571 434 stat
602 393 760 445 nitidis,
795 399 837 434 et
859 394 992 435 moles
1024 394 1168 436 iuncta
1201 396 1407 437 cathenis.

265 464 387 505 Nunc
420 463 549 505 oritur
582 465 749 517 species
782 477 937 518 magno
961 465 1075 506 cadit-
1094 466 1167 506 illa
1189 466 1413 519 profundo,

264 535 312 575 In
344 547 518 575 numero
551 548 635 575 non
669 548 765 576 esse
801 540 959 587 queunt
992 536 1177 577 errantia
1210 537 1314 584 celo.

264 605 418 646 Natam
450 605 542 646 fare
574 611 690 646 tuam
724 611 766 646 et
796 606 950 647 tacitus
983 620 1050 647 me
1074 607 1191 648 solve
1215 608 1398 659 querelis

266 676 311 717 Si
343 676 513 717 memini
545 682 618 717 tua
651 676 766 717 dicta
797 683 933 730 pater,
967 677 1183 730 portendit
1215 678 1399 720 honores

265 747 530 801 Sceptraque
563 747 794 788 Dardaniis
828 747 925 788 olim
960 747 1276 789 dominantibus
1309 749 1400 790 orbi

263 818 388 859 Alma
420 819 553 870 quies,
588 818 728 871 prisco
753 823 795 858 et
817 818 940 859 terris
972 819 1264 872 placidissima
1296 820 1398 861 Iano

262 889 607 941 Promissumque
641 888 712 930 diu
744 889 868 931 nobis
901 889 1094 930 Romana
1126 897 1319 944 potestas

265 959 425 1019 Surget.
454 959 559 1011 avis,
593 959 858 1013 ducibusque
893 960 981 1001 suis
1015 967 1056 1001 et
1088 961 1263 1013 regibus
1296 962 1367 1003 illo

263 1031 446 1071 Maxime
479 1030 546 1072 cui
579 1030 747 1072 domino
781 1038 934 1085 parent
967 1031 1049 1072 duo
1073 1032 1257 1072 maxima
1278 1046 1414 1084 regna

265 1101 369 1143 Cum
402 1102 530 1143 fuerit
562 1115 778 1156 perpensa
809 1102 933 1143 malis
956 1116 1007 1144 ac
1029 1116 1169 1144 mersa
1190 1103 1413 1157 profundis

265 1173 463 1223 Sedibus,
497 1173 579 1214 hoc
611 1173 735 1214 nobis
766 1174 917 1214 iterum
952 1187 1058 1227 gens
1091 1174 1264 1215 condita
1295 1188 1397 1228 rege

262 1244 412 1286 Flavia
443 1245 601 1298 templa
636 1245 727 1285 solo
760 1251 891 1298 ponet
925 1245 1134 1285 certantia
1168 1245 1314 1286 stellis.

260 1315 442 1369 Imperio
473 1321 641 1369 repetet
674 1329 768 1357 cum
801 1329 960 1369 magna
991 1315 1181 1368 Ungaria
1212 1316 1346 1357 Roma

263 1386 574 1440 Collapsosque
606 1387 733 1438 lares,
768 1392 927 1428 statuet
960 1400 1211 1440 sacramque
1243 1387 1406 1428 ruinam

261 1457 456 1506 Menibus
487 1458 643 1508 Iliacis,
679 1457 826 1498 similis
860 1457 1027 1499 sedisse
1059 1464 1241 1511 nepotes

262 1529 486 1580 Emensos,
519 1535 760 1582 terramque
793 1529 947 1570 fretum
971 1529 1072 1569 mihi
1097 1542 1200 1582 sepe
1224 1528 1414 1571 canebas

261 1599 375 1641 Urbe
409 1613 499 1650 sua,
533 1600 656 1641 Latio
689 1600 858 1653 parient
891 1606 933 1641 et
964 1600 1057 1641 iura
1089 1600 1268 1641 Bohemi

260 1670 388 1712 Edita
419 1684 527 1724 gens
560 1671 699 1724 Troye
733 1671 913 1712 ducibus
945 1671 1224 1725 profugisque
1249 1671 1410 1712 colonis

260 1742 351 1783 Hec
382 1748 563 1784 ventura
595 1742 726 1783 dabat
758 1748 829 1783 tua
863 1755 1021 1795 magna
1050 1743 1242 1796 potentia
1276 1742 1409 1795 signis

258 1813 472 1867 Prodigia,
508 1813 716 1854 astriferis
749 1813 888 1854 subito
921 1827 1006 1867 pax
1038 1813 1164 1854 unica
1195 1813 1320 1855 metis

258 1884 510 1926 Volventem
542 1897 744 1938 pressura
776 1884 932 1937 polum,
966 1883 1186 1937 Phebique
1215 1884 1397 1925 labores.

262 1956 366 1998 Cum
398 1955 525 1997 fuerit
556 1954 716 1996 teneris
748 1955 870 2008 regni
904 1954 1015 2007 quod
1049 1961 1244 2008 gesserat
1277 1954 1375 1995 olim

258 2027 444 2069 Maxima
476 2028 610 2068 Roma
642 2040 769 2067 manu
802 2026 916 2067 nullo
949 2033 1157 2067 renuente
1192 2025 1377 2067 Gradivo

260 2098 450 2152 Tempus
484 2098 575 2139 avis
609 2098 780 2139 venisse
814 2104 930 2150 puta,
963 2096 1143 2138 rediisse
1176 2096 1368 2138 tribunos

259 2170 312 2210 Et
332 2169 535 2223 populum
556 2175 813 2222 gentemque
836 2167 986 2219 feram,
1010 2168 1228 2221 fortesque
1249 2168 1466 2209 Bohemos

260 2239 381 2281 Adde
403 2240 540 2281 forum
563 2239 790 2293 Ungaricis
817 2239 965 2292 patriis
989 2239 1185 2291 altasque
1209 2252 1396 2291 secures,

258 2311 587 2365 Purpureasque
610 2317 749 2364 togas,
772 2316 813 2350 et
835 2309 1028 2363 Longam
1052 2310 1239 2351 consulis
1259 2310 1410 2351 Albam

261 2382 540 2434 Credidimus,
572 2381 692 2423 ludet
723 2394 803 2422 nec
836 2393 901 2421 me
934 2386 1007 2420 tua
1038 2379 1159 2421 firma
1190 2381 1387 2422 voluntas

260 2452 294 2495 O
327 2459 462 2507 pater,
495 2453 589 2507 ipse
622 2452 735 2493 soles
769 2451 935 2505 aperire
968 2451 1157 2493 archana
1188 2451 1342 2505 Dyoni.

257 2525 375 2567 Illico
406 2524 629 2579 respondit
662 2536 869 2575 sacroque
903 2522 1064 2563 orditur
1096 2522 1149 2563 ab
1175 2535 1247 2564 ore

259 2595 539 2650 Omnipotens
562 2600 701 2636 motus
723 2593 921 2648 precibus
955 2594 1184 2646 geniteque
1208 2594 1392 2646 querelis

259 2668 517 2721 Assurgens,
550 2672 595 2707 ut
627 2666 754 2707 moris
788 2671 879 2705 erat
912 2663 1030 2705 dedit
1063 2665 1210 2705 oscula
1236 2670 1348 2713 nate.

258 2738 366 2779 Filia
398 2737 511 2791 quod
542 2749 666 2779 roseo
700 2735 842 2790 poscis
876 2748 1070 2776 sermone
1103 2735 1265 2777 moneri

258 2810 382 2850 Alma
403 2822 555 2850 canam
575 2807 695 2849 taciti
717 2805 917 2859 quicquid
939 2811 1023 2847 stat
1046 2806 1173 2848 corde
1200 2812 1420 2860 repostum

257 2881 494 2935 Exponam,
527 2879 797 2931 breviterque
830 2875 964 2918 feram
998 2883 1164 2919 secreta
1187 2878 1392 2932 precanti.
