<?xml version="1.0" encoding="UTF-8"?>
<!DOCTYPE html PUBLIC "-//W3C//DTD XHTML 1.0 Transitional//EN"
    "http://www.w3.org/TR/xhtml1/DTD/xhtml1-transitional.dtd">
<html xmlns="http://www.w3.org/1999/xhtml" xml:lang="en" lang="en">
 <head>
  <title>
</title>
<meta http-equiv="Content-Type" content="text/html;charset=utf-8" />
  <meta name='ocr-system' content='tesseract 3.04.00' />
  <meta name='ocr-capabilities' content='ocr_page ocr_carea ocr_par ocr_line ocrx_word'/>
</head>
<body>
  <div class='ocr_page' id='page_1' title='image "analectanovaadhi00beuoft_0537.png"; bbox 0 0 1919 3273; ppageno 0'>
   <div class='ocr_carea' id='block_1_1' title="bbox 1490 104 1558 138">
    <p class='ocr_par' dir='ltr' id='par_1_1' title="bbox 1490 104 1558 138">
     <span class='ocr_line' id='line_1_1' title="bbox 1490 104 1558 138; baseline -0.015 0"><span class='ocrx_word' id='word_1_1' title='bbox 1490 104 1558 138; x_wconf 81' lang='lat'>485</span> 
     </span>
    </p>
   </div>
   <div class='ocr_carea' id='block_1_2' title="bbox 220 246 1426 1650">
    <p class='ocr_par' dir='ltr' id='par_1_2' title="bbox 220 246 1426 1650">
     <span class='ocr_line' id='line_1_2' title="bbox 225 246 1301 298; baseline 0.001 -10"><span class='ocrx_word' id='word_1_2' title='bbox 225 247 305 287; x_wconf 81' lang='lat' dir='ltr'>Vix</span> <span class='ocrx_word' id='word_1_3' title='bbox 337 253 521 288; x_wconf 85' lang='lat' dir='ltr'>tractare</span> <span class='ocrx_word' id='word_1_4' title='bbox 553 246 676 298; x_wconf 88' lang='lat' dir='ltr'>fides,</span> <span class='ocrx_word' id='word_1_5' title='bbox 711 253 840 288; x_wconf 89' lang='lat' dir='ltr'>cantu</span> <span class='ocrx_word' id='word_1_6' title='bbox 873 247 942 288; x_wconf 77' lang='lat' dir='ltr'>vix</span> <span class='ocrx_word' id='word_1_7' title='bbox 976 247 1143 289; x_wconf 86' lang='lat' dir='ltr'>solvere</span> <span class='ocrx_word' id='word_1_8' title='bbox 1177 261 1301 289; x_wconf 87' lang='lat' dir='ltr'>curas</span> 
     </span>
     <span class='ocr_line' id='line_1_3' title="bbox 285 318 1300 372; baseline 0.001 -13"><span class='ocrx_word' id='word_1_9' title='bbox 285 318 508 372; x_wconf 73' lang='lat' dir='ltr'>Coeperat,</span> <span class='ocrx_word' id='word_1_10' title='bbox 544 323 585 359; x_wconf 91' lang='lat' dir='ltr'>et</span> <span class='ocrx_word' id='word_1_11' title='bbox 617 318 782 372; x_wconf 81' lang='lat' dir='ltr'>patriae</span> <span class='ocrx_word' id='word_1_12' title='bbox 815 318 1006 371; x_wconf 85' lang='lat' dir='ltr'>praemia</span> <span class='ocrx_word' id='word_1_13' title='bbox 1038 318 1148 359; x_wconf 86' lang='lat' dir='ltr'>ferre</span> <span class='ocrx_word' id='word_1_14' title='bbox 1183 332 1300 370; x_wconf 81' lang='lat' dir='ltr'>suae,</span> 
     </span>
     <span class='ocr_line' id='line_1_4' title="bbox 224 388 1258 439; baseline 0 -9"><span class='ocrx_word' id='word_1_15' title='bbox 224 388 390 430; x_wconf 81' lang='lat' dir='ltr'>Occidit</span> <span class='ocrx_word' id='word_1_16' title='bbox 423 395 521 429; x_wconf 87' lang='lat' dir='ltr'>ante</span> <span class='ocrx_word' id='word_1_17' title='bbox 556 388 681 439; x_wconf 89' lang='lat' dir='ltr'>diem,</span> <span class='ocrx_word' id='word_1_18' title='bbox 714 388 815 429; x_wconf 87' lang='lat' dir='ltr'>fatis</span> <span class='ocrx_word' id='word_1_19' title='bbox 847 389 1090 437; x_wconf 82' lang='lat' dir='ltr'>immitibus,</span> <span class='ocrx_word' id='word_1_20' title='bbox 1123 389 1258 430; x_wconf 81' lang='lat' dir='ltr'>eheu!</span> 
     </span>
     <span class='ocr_line' id='line_1_5' title="bbox 284 459 1328 509; baseline 0.002 -9"><span class='ocrx_word' id='word_1_21' title='bbox 284 460 421 509; x_wconf 77' lang='lat' dir='ltr'>Quam</span> <span class='ocrx_word' id='word_1_22' title='bbox 455 459 603 500; x_wconf 79' lang='lat' dir='ltr'>dulces</span> <span class='ocrx_word' id='word_1_23' title='bbox 637 465 788 500; x_wconf 89' lang='lat' dir='ltr'>cantus</span> <span class='ocrx_word' id='word_1_24' title='bbox 823 460 993 500; x_wconf 82' lang='lat' dir='ltr'>sustulit</span> <span class='ocrx_word' id='word_1_25' title='bbox 1024 460 1130 500; x_wconf 90' lang='lat' dir='ltr'>hora</span> <span class='ocrx_word' id='word_1_26' title='bbox 1162 460 1328 502; x_wconf 81' lang='lat' dir='ltr'>brevis!</span> 
     </span>
     <span class='ocr_line' id='line_1_6' title="bbox 224 530 1419 587; baseline 0.003 -16"><span class='ocrx_word' id='word_1_27' title='bbox 224 531 333 571; x_wconf 89' lang='lat' dir='ltr'>Huic</span> <span class='ocrx_word' id='word_1_28' title='bbox 365 531 497 571; x_wconf 87' lang='lat' dir='ltr'>Linus</span> <span class='ocrx_word' id='word_1_29' title='bbox 531 536 573 571; x_wconf 90' lang='lat' dir='ltr'>et</span> <span class='ocrx_word' id='word_1_30' title='bbox 605 536 727 572; x_wconf 84' lang='lat' dir='ltr'>vates</span> <span class='ocrx_word' id='word_1_31' title='bbox 749 530 932 572; x_wconf 82' lang='lat' dir='ltr'>cedebat</span> <span class='ocrx_word' id='word_1_32' title='bbox 965 531 1175 572; x_wconf 88' lang='lat' dir='ltr'>Thracius</span> <span class='ocrx_word' id='word_1_33' title='bbox 1210 530 1419 587; x_wconf 83' lang='lat' dir='ltr'>Orpheus,</span> 
     </span>
     <span class='ocr_line' id='line_1_7' title="bbox 283 601 1267 655; baseline 0.002 -13"><span class='ocrx_word' id='word_1_34' title='bbox 283 601 537 643; x_wconf 87' lang='lat' dir='ltr'>Cantantem</span> <span class='ocrx_word' id='word_1_35' title='bbox 569 601 694 642; x_wconf 85' lang='lat' dir='ltr'>Pluto</span> <span class='ocrx_word' id='word_1_36' title='bbox 728 614 852 654; x_wconf 90' lang='lat' dir='ltr'>quem</span> <span class='ocrx_word' id='word_1_37' title='bbox 887 602 1047 654; x_wconf 87' lang='lat' dir='ltr'>stupuit</span> <span class='ocrx_word' id='word_1_38' title='bbox 1080 602 1267 655; x_wconf 78' lang='lat' dir='ltr'>Stygius.</span> 
     </span>
     <span class='ocr_line' id='line_1_8' title="bbox 225 672 1414 726; baseline 0.002 -13"><span class='ocrx_word' id='word_1_39' title='bbox 225 672 459 714; x_wconf 81' lang='lat' dir='ltr'>Caelitibus</span> <span class='ocrx_word' id='word_1_40' title='bbox 492 672 571 712; x_wconf 89' lang='lat' dir='ltr'>fuit</span> <span class='ocrx_word' id='word_1_41' title='bbox 603 672 715 713; x_wconf 90' lang='lat' dir='ltr'>hunc</span> <span class='ocrx_word' id='word_1_42' title='bbox 748 685 832 713; x_wconf 91' lang='lat' dir='ltr'>non</span> <span class='ocrx_word' id='word_1_43' title='bbox 862 686 996 726; x_wconf 86' lang='lat' dir='ltr'>parva</span> <span class='ocrx_word' id='word_1_44' title='bbox 1019 673 1166 714; x_wconf 89' lang='lat' dir='ltr'>audire</span> <span class='ocrx_word' id='word_1_45' title='bbox 1189 681 1414 715; x_wconf 82' lang='lat' dir='ltr'>canentem</span> 
     </span>
     <span class='ocr_line' id='line_1_9' title="bbox 283 743 1224 797; baseline 0.001 -13"><span class='ocrx_word' id='word_1_46' title='bbox 283 743 395 784; x_wconf 88' lang='lat' dir='ltr'>Cura</span> <span class='ocrx_word' id='word_1_47' title='bbox 429 749 470 784; x_wconf 91' lang='lat' dir='ltr'>et</span> <span class='ocrx_word' id='word_1_48' title='bbox 502 743 710 785; x_wconf 86' lang='lat' dir='ltr'>inasvetis</span> <span class='ocrx_word' id='word_1_49' title='bbox 742 743 876 784; x_wconf 87' lang='lat' dir='ltr'>verba</span> <span class='ocrx_word' id='word_1_50' title='bbox 908 744 1042 797; x_wconf 84' lang='lat' dir='ltr'>ligata</span> <span class='ocrx_word' id='word_1_51' title='bbox 1074 744 1224 785; x_wconf 91' lang='lat' dir='ltr'>modis.</span> 
     </span>
     <span class='ocr_line' id='line_1_10' title="bbox 225 814 1141 866; baseline 0.002 -11"><span class='ocrx_word' id='word_1_52' title='bbox 225 814 414 855; x_wconf 89' lang='lat' dir='ltr'>Collibus</span> <span class='ocrx_word' id='word_1_53' title='bbox 448 814 575 855; x_wconf 77' lang='lat' dir='ltr'>exciti</span> <span class='ocrx_word' id='word_1_54' title='bbox 606 814 770 866; x_wconf 86' lang='lat' dir='ltr'>liquere</span> <span class='ocrx_word' id='word_1_55' title='bbox 804 815 961 856; x_wconf 87' lang='lat' dir='ltr'>cubilia</span> <span class='ocrx_word' id='word_1_56' title='bbox 993 815 1141 857; x_wconf 83' lang='lat' dir='ltr'>Fauni.</span> 
     </span>
     <span class='ocr_line' id='line_1_11' title="bbox 283 885 1265 939; baseline 0.003 -14"><span class='ocrx_word' id='word_1_57' title='bbox 283 885 413 938; x_wconf 83' lang='lat' dir='ltr'>Sylva</span> <span class='ocrx_word' id='word_1_58' title='bbox 445 898 525 926; x_wconf 88' lang='lat' dir='ltr'>nec</span> <span class='ocrx_word' id='word_1_59' title='bbox 557 885 752 926; x_wconf 89' lang='lat' dir='ltr'>intonsas</span> <span class='ocrx_word' id='word_1_60' title='bbox 780 885 892 939; x_wconf 87' lang='lat' dir='ltr'>juvit</span> <span class='ocrx_word' id='word_1_61' title='bbox 923 886 1265 939; x_wconf 84' lang='lat' dir='ltr'>Hamadryades.</span> 
     </span>
     <span class='ocr_line' id='line_1_12' title="bbox 226 956 1392 1010; baseline 0.003 -13"><span class='ocrx_word' id='word_1_62' title='bbox 226 956 479 1009; x_wconf 89' lang='lat' dir='ltr'>Oblitusque</span> <span class='ocrx_word' id='word_1_63' title='bbox 515 956 580 997; x_wconf 90' lang='lat' dir='ltr'>sui</span> <span class='ocrx_word' id='word_1_64' title='bbox 613 969 762 997; x_wconf 88' lang='lat' dir='ltr'>cursus</span> <span class='ocrx_word' id='word_1_65' title='bbox 795 970 922 1009; x_wconf 90' lang='lat' dir='ltr'>quam</span> <span class='ocrx_word' id='word_1_66' title='bbox 955 964 1101 998; x_wconf 90' lang='lat' dir='ltr'>noster</span> <span class='ocrx_word' id='word_1_67' title='bbox 1134 965 1189 1010; x_wconf 89' lang='lat' dir='ltr'>et,</span> <span class='ocrx_word' id='word_1_68' title='bbox 1223 958 1392 1000; x_wconf 87' lang='lat' dir='ltr'>Aethon</span> 
     </span>
     <span class='ocr_line' id='line_1_13' title="bbox 283 1027 1177 1082; baseline 0.001 -14"><span class='ocrx_word' id='word_1_69' title='bbox 283 1027 425 1081; x_wconf 77' lang='lat' dir='ltr'>Saepe</span> <span class='ocrx_word' id='word_1_70' title='bbox 458 1027 675 1068; x_wconf 86' lang='lat' dir='ltr'>retardato</span> <span class='ocrx_word' id='word_1_71' title='bbox 709 1028 876 1069; x_wconf 88' lang='lat' dir='ltr'>transiit</span> <span class='ocrx_word' id='word_1_72' title='bbox 909 1042 989 1069; x_wconf 78' lang='lat' dir='ltr'>axe</span> <span class='ocrx_word' id='word_1_73' title='bbox 1023 1029 1177 1082; x_wconf 88' lang='lat' dir='ltr'>polum.</span> 
     </span>
     <span class='ocr_line' id='line_1_14' title="bbox 221 1098 1318 1153; baseline 0.002 -14"><span class='ocrx_word' id='word_1_74' title='bbox 221 1098 344 1139; x_wconf 79' lang='lat' dir='ltr'>Adde</span> <span class='ocrx_word' id='word_1_75' title='bbox 378 1100 506 1139; x_wconf 87' lang='lat' dir='ltr'>etiam</span> <span class='ocrx_word' id='word_1_76' title='bbox 538 1098 664 1139; x_wconf 88' lang='lat' dir='ltr'>niveo</span> <span class='ocrx_word' id='word_1_77' title='bbox 697 1099 920 1140; x_wconf 86' lang='lat' dir='ltr'>venientes</span> <span class='ocrx_word' id='word_1_78' title='bbox 954 1112 1130 1153; x_wconf 91' lang='lat' dir='ltr'>corpore</span> <span class='ocrx_word' id='word_1_79' title='bbox 1164 1114 1318 1150; x_wconf 80' lang='lat' dir='ltr'>mores,</span> 
     </span>
     <span class='ocr_line' id='line_1_15' title="bbox 282 1169 1348 1225; baseline 0.001 -14"><span class='ocrx_word' id='word_1_80' title='bbox 282 1169 576 1223; x_wconf 88' lang='lat' dir='ltr'>Compositos;</span> <span class='ocrx_word' id='word_1_81' title='bbox 612 1172 706 1221; x_wconf 86' lang='lat' dir='ltr'>quis</span> <span class='ocrx_word' id='word_1_82' title='bbox 739 1169 820 1210; x_wconf 92' lang='lat' dir='ltr'>hoc</span> <span class='ocrx_word' id='word_1_83' title='bbox 852 1171 1009 1211; x_wconf 87' lang='lat' dir='ltr'>castior</span> <span class='ocrx_word' id='word_1_84' title='bbox 1040 1171 1348 1225; x_wconf 81' lang='lat' dir='ltr'>Hyppolytus‘?</span> 
     </span>
     <span class='ocr_line' id='line_1_16' title="bbox 220 1240 1326 1295; baseline 0.002 -14"><span class='ocrx_word' id='word_1_85' title='bbox 220 1240 473 1293; x_wconf 84' lang='lat' dir='ltr'>Relh‘gionis</span> <span class='ocrx_word' id='word_1_86' title='bbox 507 1246 599 1281; x_wconf 90' lang='lat' dir='ltr'>erat</span> <span class='ocrx_word' id='word_1_87' title='bbox 632 1240 771 1280; x_wconf 87' lang='lat' dir='ltr'>Numa</span> <span class='ocrx_word' id='word_1_88' title='bbox 802 1254 883 1281; x_wconf 89' lang='lat' dir='ltr'>nec</span> <span class='ocrx_word' id='word_1_89' title='bbox 916 1243 1155 1282; x_wconf 85' lang='lat' dir='ltr'>servantior</span> <span class='ocrx_word' id='word_1_90' title='bbox 1187 1244 1326 1295; x_wconf 68' lang='lat' dir='ltr'>aequi,</span> 
     </span>
     <span class='ocr_line' id='line_1_17' title="bbox 282 1310 1170 1365; baseline 0.001 -14"><span class='ocrx_word' id='word_1_91' title='bbox 282 1311 429 1352; x_wconf 91' lang='lat' dir='ltr'>Cultus</span> <span class='ocrx_word' id='word_1_92' title='bbox 462 1310 688 1361; x_wconf 81' lang='lat' dir='ltr'>Aristides,</span> <span class='ocrx_word' id='word_1_93' title='bbox 723 1311 1040 1365; x_wconf 79' lang='lat' dir='ltr'>Scipiadaeque</span> <span class='ocrx_word' id='word_1_94' title='bbox 1074 1313 1170 1354; x_wconf 90' lang='lat' dir='ltr'>duo.</span> 
     </span>
     <span class='ocr_line' id='line_1_18' title="bbox 220 1381 1403 1436; baseline 0.003 -13"><span class='ocrx_word' id='word_1_95' title='bbox 220 1383 458 1436; x_wconf 83' lang='lat' dir='ltr'>Ingenium,</span> <span class='ocrx_word' id='word_1_96' title='bbox 493 1381 695 1436; x_wconf 87' lang='lat' dir='ltr'>speciem,</span> <span class='ocrx_word' id='word_1_97' title='bbox 728 1395 882 1433; x_wconf 87' lang='lat' dir='ltr'>mores,</span> <span class='ocrx_word' id='word_1_98' title='bbox 918 1383 1043 1423; x_wconf 90' lang='lat' dir='ltr'>simul</span> <span class='ocrx_word' id='word_1_99' title='bbox 1075 1385 1216 1424; x_wconf 85' lang='lat' dir='ltr'>omnia</span> <span class='ocrx_word' id='word_1_100' title='bbox 1249 1386 1403 1426; x_wconf 89' lang='lat' dir='ltr'>mentis</span> 
     </span>
     <span class='ocr_line' id='line_1_19' title="bbox 279 1452 1320 1507; baseline 0.003 -14"><span class='ocrx_word' id='word_1_101' title='bbox 279 1453 362 1494; x_wconf 86' lang='lat' dir='ltr'>Tot</span> <span class='ocrx_word' id='word_1_102' title='bbox 395 1453 521 1503; x_wconf 87' lang='lat' dir='ltr'>bona,</span> <span class='ocrx_word' id='word_1_103' title='bbox 555 1452 785 1493; x_wconf 81' lang='lat' dir='ltr'>Parcarum</span> <span class='ocrx_word' id='word_1_104' title='bbox 818 1454 1000 1507; x_wconf 90' lang='lat' dir='ltr'>perculit</span> <span class='ocrx_word' id='word_1_105' title='bbox 1032 1460 1125 1495; x_wconf 85' lang='lat' dir='ltr'>atra</span> <span class='ocrx_word' id='word_1_106' title='bbox 1156 1468 1320 1497; x_wconf 91' lang='lat' dir='ltr'>manus.</span> 
     </span>
     <span class='ocr_line' id='line_1_20' title="bbox 220 1523 1426 1579; baseline 0.002 -14"><span class='ocrx_word' id='word_1_107' title='bbox 220 1525 330 1566; x_wconf 91' lang='lat' dir='ltr'>Hinc</span> <span class='ocrx_word' id='word_1_108' title='bbox 364 1525 537 1566; x_wconf 90' lang='lat' dir='ltr'>deserta</span> <span class='ocrx_word' id='word_1_109' title='bbox 571 1523 732 1577; x_wconf 87' lang='lat' dir='ltr'>chelys,</span> <span class='ocrx_word' id='word_1_110' title='bbox 764 1531 958 1565; x_wconf 85' lang='lat' dir='ltr'>moerent</span> <span class='ocrx_word' id='word_1_111' title='bbox 981 1525 1260 1579; x_wconf 88' lang='lat' dir='ltr'>Libethydes,</span> <span class='ocrx_word' id='word_1_112' title='bbox 1284 1526 1426 1568; x_wconf 86' lang='lat' dir='ltr'>undae</span> 
     </span>
     <span class='ocr_line' id='line_1_21' title="bbox 279 1594 1206 1650; baseline 0.003 -14"><span class='ocrx_word' id='word_1_113' title='bbox 279 1596 470 1650; x_wconf 87' lang='lat' dir='ltr'>Pyrenes</span> <span class='ocrx_word' id='word_1_114' title='bbox 504 1594 731 1648; x_wconf 80' lang='lat' dir='ltr'>squallent,</span> <span class='ocrx_word' id='word_1_115' title='bbox 764 1603 966 1648; x_wconf 85' lang='lat' dir='ltr'>mutaque</span> <span class='ocrx_word' id='word_1_116' title='bbox 1002 1596 1206 1650; x_wconf 84' lang='lat' dir='ltr'>Calliope.</span> 
     </span>
    </p>
   </div>
   <div class='ocr_carea' id='block_1_3' title="bbox 218 1809 1483 2776">
    <p class='ocr_par' dir='ltr' id='par_1_3' title="bbox 218 1809 1483 2776">
     <span class='ocr_line' id='line_1_22' title="bbox 220 1809 1296 1863; baseline 0.003 -14"><span class='ocrx_word' id='word_1_117' title='bbox 220 1809 441 1850; x_wconf 82' lang='lat' dir='ltr'>Extulerat</span> <span class='ocrx_word' id='word_1_118' title='bbox 473 1810 646 1863; x_wconf 89' lang='lat' dir='ltr'>paulum</span> <span class='ocrx_word' id='word_1_119' title='bbox 678 1810 803 1851; x_wconf 87' lang='lat' dir='ltr'>Pluto</span> <span class='ocrx_word' id='word_1_120' title='bbox 837 1816 966 1863; x_wconf 85' lang='lat' dir='ltr'>caput</span> <span class='ocrx_word' id='word_1_121' title='bbox 997 1810 1151 1863; x_wconf 89' lang='lat' dir='ltr'>impius</span> <span class='ocrx_word' id='word_1_122' title='bbox 1185 1823 1296 1861; x_wconf 90' lang='lat' dir='ltr'>orco,</span> 
     </span>
     <span class='ocr_line' id='line_1_23' title="bbox 278 1880 1389 1935; baseline 0.002 -15"><span class='ocrx_word' id='word_1_123' title='bbox 278 1880 398 1921; x_wconf 74' lang='lat' dir='ltr'>Heu!</span> <span class='ocrx_word' id='word_1_124' title='bbox 434 1880 533 1933; x_wconf 91' lang='lat' dir='ltr'>quid</span> <span class='ocrx_word' id='word_1_125' title='bbox 567 1894 674 1935; x_wconf 92' lang='lat' dir='ltr'>opus</span> <span class='ocrx_word' id='word_1_126' title='bbox 707 1881 836 1931; x_wconf 87' lang='lat' dir='ltr'>facto,</span> <span class='ocrx_word' id='word_1_127' title='bbox 871 1893 947 1934; x_wconf 92' lang='lat' dir='ltr'>pro</span> <span class='ocrx_word' id='word_1_128' title='bbox 982 1881 1095 1933; x_wconf 76' lang='lat' dir='ltr'>quid,</span> <span class='ocrx_word' id='word_1_129' title='bbox 1131 1881 1202 1932; x_wconf 84' lang='lat' dir='ltr'>ait,</span> <span class='ocrx_word' id='word_1_130' title='bbox 1236 1881 1389 1923; x_wconf 84' lang='lat' dir='ltr'>video!</span> 
     </span>
     <span class='ocr_line' id='line_1_24' title="bbox 221 1950 1378 2006; baseline 0.001 -15"><span class='ocrx_word' id='word_1_131' title='bbox 221 1950 331 1992; x_wconf 82' lang='lat' dir='ltr'>Num</span> <span class='ocrx_word' id='word_1_132' title='bbox 365 1964 411 1992; x_wconf 89' lang='lat' dir='ltr'>se</span> <span class='ocrx_word' id='word_1_133' title='bbox 445 1952 652 2005; x_wconf 87' lang='lat' dir='ltr'>proripuit</span> <span class='ocrx_word' id='word_1_134' title='bbox 684 1952 842 1993; x_wconf 89' lang='lat' dir='ltr'>nostris</span> <span class='ocrx_word' id='word_1_135' title='bbox 876 1966 899 1992; x_wconf 92' lang='lat' dir='ltr'>e</span> <span class='ocrx_word' id='word_1_136' title='bbox 934 1951 1108 1993; x_wconf 91' lang='lat' dir='ltr'>sedibus</span> <span class='ocrx_word' id='word_1_137' title='bbox 1143 1951 1340 2006; x_wconf 88' lang='lat' dir='ltr'>Orpheus</span> <span class='ocrx_word' id='word_1_138' title='bbox 1356 1952 1378 1993; x_wconf 71' lang='grc' dir='ltr'>ἱ)</span> 
     </span>
     <span class='ocr_line' id='line_1_25' title="bbox 278 2022 1349 2077; baseline 0.001 -14"><span class='ocrx_word' id='word_1_139' title='bbox 278 2022 372 2064; x_wconf 93' lang='lat' dir='ltr'>Huc</span> <span class='ocrx_word' id='word_1_140' title='bbox 404 2024 632 2077; x_wconf 86' lang='lat' dir='ltr'>repetitum</span> <span class='ocrx_word' id='word_1_141' title='bbox 664 2023 815 2064; x_wconf 89' lang='lat' dir='ltr'>iterum</span> <span class='ocrx_word' id='word_1_142' title='bbox 848 2024 964 2065; x_wconf 87' lang='lat' dir='ltr'>venit</span> <span class='ocrx_word' id='word_1_143' title='bbox 997 2030 1039 2064; x_wconf 93' lang='lat' dir='ltr'>et</span> <span class='ocrx_word' id='word_1_144' title='bbox 1070 2023 1349 2077; x_wconf 72' lang='lat' dir='ltr'>Eurydicen?</span> 
     </span>
     <span class='ocr_line' id='line_1_26' title="bbox 220 2094 1349 2148; baseline 0.002 -14"><span class='ocrx_word' id='word_1_145' title='bbox 220 2094 434 2147; x_wconf 79' lang='lat' dir='ltr'>Agnosco,</span> <span class='ocrx_word' id='word_1_146' title='bbox 469 2094 616 2135; x_wconf 89' lang='lat' dir='ltr'>similis</span> <span class='ocrx_word' id='word_1_147' title='bbox 651 2108 777 2148; x_wconf 87' lang='lat' dir='ltr'>quam</span> <span class='ocrx_word' id='word_1_148' title='bbox 812 2094 972 2148; x_wconf 91' lang='lat' dir='ltr'>Orphei</span> <span class='ocrx_word' id='word_1_149' title='bbox 1005 2101 1070 2135; x_wconf 90' lang='lat' dir='ltr'>est</span> <span class='ocrx_word' id='word_1_150' title='bbox 1102 2095 1173 2135; x_wconf 92' lang='lat' dir='ltr'>ille</span> <span class='ocrx_word' id='word_1_151' title='bbox 1206 2101 1349 2148; x_wconf 75' lang='lat' dir='ltr'>poeta,</span> 
     </span>
     <span class='ocr_line' id='line_1_27' title="bbox 278 2164 1192 2219; baseline 0.001 -14"><span class='ocrx_word' id='word_1_152' title='bbox 278 2164 421 2215; x_wconf 85' lang='lat' dir='ltr'>Ianus,</span> <span class='ocrx_word' id='word_1_153' title='bbox 454 2166 704 2207; x_wconf 87' lang='lat' dir='ltr'>Pannoniae</span> <span class='ocrx_word' id='word_1_154' title='bbox 738 2166 874 2219; x_wconf 87' lang='lat' dir='ltr'>gloria</span> <span class='ocrx_word' id='word_1_155' title='bbox 906 2166 1042 2219; x_wconf 89' lang='lat' dir='ltr'>prima</span> <span class='ocrx_word' id='word_1_156' title='bbox 1075 2179 1192 2207; x_wconf 85' lang='lat' dir='ltr'>suae.</span> 
     </span>
     <span class='ocr_line' id='line_1_28' title="bbox 220 2235 1304 2289; baseline 0.003 -14"><span class='ocrx_word' id='word_1_157' title='bbox 220 2235 347 2276; x_wconf 88' lang='lat' dir='ltr'>Ianus</span> <span class='ocrx_word' id='word_1_158' title='bbox 379 2237 421 2277; x_wconf 89' lang='lat' dir='ltr'>in</span> <span class='ocrx_word' id='word_1_159' title='bbox 454 2236 634 2278; x_wconf 87' lang='lat' dir='ltr'>Arctoas</span> <span class='ocrx_word' id='word_1_160' title='bbox 667 2236 791 2277; x_wconf 88' lang='lat' dir='ltr'>Latio</span> <span class='ocrx_word' id='word_1_161' title='bbox 826 2237 896 2289; x_wconf 88' lang='lat' dir='ltr'>qui</span> <span class='ocrx_word' id='word_1_162' title='bbox 927 2237 1143 2277; x_wconf 86' lang='lat' dir='ltr'>transtulit</span> <span class='ocrx_word' id='word_1_163' title='bbox 1176 2237 1304 2278; x_wconf 85' lang='lat' dir='ltr'>urbes</span> 
     </span>
     <span class='ocr_line' id='line_1_29' title="bbox 278 2307 1294 2362; baseline 0.002 -15"><span class='ocrx_word' id='word_1_164' title='bbox 278 2307 519 2361; x_wconf 82' lang='lat' dir='ltr'>Pegasides</span> <span class='ocrx_word' id='word_1_165' title='bbox 552 2308 727 2362; x_wconf 87' lang='lat' dir='ltr'>primus,</span> <span class='ocrx_word' id='word_1_166' title='bbox 760 2308 1114 2361; x_wconf 87' lang='lat' dir='ltr'>Mopsopiumque</span> <span class='ocrx_word' id='word_1_167' title='bbox 1147 2308 1294 2349; x_wconf 89' lang='lat' dir='ltr'>melos.</span> 
     </span>
     <span class='ocr_line' id='line_1_30' title="bbox 221 2378 1483 2433; baseline 0.002 -15"><span class='ocrx_word' id='word_1_168' title='bbox 221 2378 358 2427; x_wconf 80' lang='lat' dir='ltr'>Quam</span> <span class='ocrx_word' id='word_1_169' title='bbox 380 2379 579 2431; x_wconf 73' lang='lat' dir='ltr'>Dryades</span> <span class='ocrx_word' id='word_1_170' title='bbox 602 2379 793 2432; x_wconf 87' lang='lat' dir='ltr'>gaudent</span> <span class='ocrx_word' id='word_1_171' title='bbox 817 2379 986 2429; x_wconf 83' lang='lat' dir='ltr'>circum,</span> <span class='ocrx_word' id='word_1_172' title='bbox 1012 2379 1238 2430; x_wconf 87' lang='lat' dir='ltr'>cultaeque</span> <span class='ocrx_word' id='word_1_173' title='bbox 1260 2379 1483 2433; x_wconf 82' lang='lat' dir='ltr'>Napaeae,</span> 
     </span>
     <span class='ocr_line' id='line_1_31' title="bbox 278 2449 1338 2503; baseline 0 -13"><span class='ocrx_word' id='word_1_174' title='bbox 278 2449 479 2501; x_wconf 76' lang='lat' dir='ltr'>Exiliunt,</span> <span class='ocrx_word' id='word_1_175' title='bbox 514 2456 699 2502; x_wconf 87' lang='lat' dir='ltr'>quantus</span> <span class='ocrx_word' id='word_1_176' title='bbox 732 2456 876 2490; x_wconf 86' lang='lat' dir='ltr'>manat</span> <span class='ocrx_word' id='word_1_177' title='bbox 910 2449 963 2490; x_wconf 87' lang='lat' dir='ltr'>ab</span> <span class='ocrx_word' id='word_1_178' title='bbox 998 2463 1069 2490; x_wconf 89' lang='lat' dir='ltr'>ore</span> <span class='ocrx_word' id='word_1_179' title='bbox 1102 2449 1249 2503; x_wconf 86' lang='lat' dir='ltr'>lepos!</span> <span class='ocrx_word' id='word_1_180' title='bbox 1336 2498 1338 2500; x_wconf 12' lang='lat' dir='ltr'>v</span> 
     </span>
     <span class='ocr_line' id='line_1_32' title="bbox 219 2519 1415 2574; baseline 0.002 -14"><span class='ocrx_word' id='word_1_181' title='bbox 219 2520 302 2561; x_wconf 91' lang='lat' dir='ltr'>Per</span> <span class='ocrx_word' id='word_1_182' title='bbox 335 2520 507 2573; x_wconf 79' lang='lat' dir='ltr'>Stygios</span> <span class='ocrx_word' id='word_1_183' title='bbox 534 2521 685 2562; x_wconf 88' lang='lat' dir='ltr'>latices</span> <span class='ocrx_word' id='word_1_184' title='bbox 714 2521 895 2562; x_wconf 87' lang='lat' dir='ltr'>iurarem</span> <span class='ocrx_word' id='word_1_185' title='bbox 921 2520 1034 2561; x_wconf 92' lang='lat' dir='ltr'>hunc</span> <span class='ocrx_word' id='word_1_186' title='bbox 1062 2519 1248 2574; x_wconf 87' lang='lat' dir='ltr'>Orphea,</span> <span class='ocrx_word' id='word_1_187' title='bbox 1273 2521 1308 2561; x_wconf 90' lang='lat' dir='ltr'>si</span> <span class='ocrx_word' id='word_1_188' title='bbox 1332 2534 1415 2562; x_wconf 89' lang='lat' dir='ltr'>non</span> 
     </span>
     <span class='ocr_line' id='line_1_33' title="bbox 278 2591 1300 2645; baseline -0.001 -13"><span class='ocrx_word' id='word_1_189' title='bbox 278 2592 527 2645; x_wconf 86' lang='lat' dir='ltr'>Aspicerem</span> <span class='ocrx_word' id='word_1_190' title='bbox 560 2593 629 2633; x_wconf 90' lang='lat' dir='ltr'>hic</span> <span class='ocrx_word' id='word_1_191' title='bbox 662 2592 819 2633; x_wconf 91' lang='lat' dir='ltr'>nostris</span> <span class='ocrx_word' id='word_1_192' title='bbox 853 2591 1027 2645; x_wconf 90' lang='lat' dir='ltr'>Orphea</span> <span class='ocrx_word' id='word_1_193' title='bbox 1058 2591 1300 2632; x_wconf 88' lang='lat' dir='ltr'>luminibus.</span> 
     </span>
     <span class='ocr_line' id='line_1_34' title="bbox 218 2662 1400 2717; baseline 0.001 -15"><span class='ocrx_word' id='word_1_194' title='bbox 218 2663 523 2716; x_wconf 87' lang='lat' dir='ltr'>Eriperemque</span> <span class='ocrx_word' id='word_1_195' title='bbox 559 2664 674 2714; x_wconf 92' lang='lat' dir='ltr'>Deis,</span> <span class='ocrx_word' id='word_1_196' title='bbox 708 2663 923 2717; x_wconf 91' lang='lat' dir='ltr'>proprium</span> <span class='ocrx_word' id='word_1_197' title='bbox 956 2663 1165 2715; x_wconf 89' lang='lat' dir='ltr'>nobisque</span> <span class='ocrx_word' id='word_1_198' title='bbox 1199 2662 1400 2708; x_wconf 71' lang='lat' dir='ltr'>dicarem,</span> 
     </span>
     <span class='ocr_line' id='line_1_35' title="bbox 278 2733 1218 2776; baseline 0 -2"><span class='ocrx_word' id='word_1_199' title='bbox 278 2734 438 2776; x_wconf 87' lang='lat' dir='ltr'>Fratris</span> <span class='ocrx_word' id='word_1_200' title='bbox 473 2741 515 2775; x_wconf 87' lang='lat' dir='ltr'>at</span> <span class='ocrx_word' id='word_1_201' title='bbox 549 2740 764 2776; x_wconf 76' lang='lat' dir='ltr'>exterrent</span> <span class='ocrx_word' id='word_1_202' title='bbox 795 2734 882 2774; x_wconf 87' lang='lat' dir='ltr'>tela</span> <span class='ocrx_word' id='word_1_203' title='bbox 914 2734 1091 2774; x_wconf 90' lang='lat' dir='ltr'>trisulca</span> <span class='ocrx_word' id='word_1_204' title='bbox 1124 2733 1218 2774; x_wconf 87' lang='lat' dir='ltr'>mei.</span> 
     </span>
    </p>
   </div>
  </div>
 </body>
</html>
