1955 3278
1530 132 1594 165 131

115 275 337 316 reticenda
370 274 656 316 manifestent.
690 274 737 315 In
770 274 868 316 vino
902 274 1109 327 siquidem
1143 274 1268 327 (sicut
1300 276 1340 316 in
1374 276 1598 329 proverbio
1650 290 1687 320 In
1710 291 1783 321 vino

117 345 314 398 habetur)
348 345 506 386 veritas
530 351 607 386 est.
641 346 694 386 Et
724 345 776 386 ob
797 344 840 386 id
873 346 1030 385 veritas
1064 359 1089 385 a
1116 346 1294 387 Platone
1315 346 1357 386 in
1378 346 1599 389 Alcibiade
1623 342 1762 373 ebrietas
1774 343 1810 374 (³²-

116 417 204 458 filia
236 416 321 458 vini
345 416 507 457 credita
531 424 606 457 est.
644 415 855 468 Quicquid
878 415 987 456 0111111
1020 416 1061 456 111
1084 423 1258 470 pectore
1282 425 1346 458 est
1372 418 1600 470 conditum,

116 487 158 528 id
192 487 379 528 ebrietas
401 486 442 527 in
465 493 658 540 apertum
691 486 866 540 profert,
901 499 1067 527 omnem
1102 486 1230 527 animi
1256 487 1398 529 fucum
1431 490 1598 530 tollens.

117 558 182 599 Ad
217 557 327 610 quod
363 557 578 612 aspiciens
612 557 783 609 quidam
816 557 951 598 Persa
971 557 1309 599 celebratissimo
1333 560 1602 614 apophtheg-

118 635 230 669 mate
264 628 439 681 negavit
471 627 693 669 tormentis
740 641 847 681 opus
882 641 979 669 esse
1013 627 1069 668 ad
1102 628 1408 680 exquirendum
1441 644 1601 683 verum,

116 700 217 752 quia
250 700 348 740 vino
383 699 540 740 rectius
574 699 776 741 eliciatur.
822 698 975 740 Ebrius
1014 699 1138 750 enim,
1178 706 1223 739 ut
1253 700 1518 753 Augustinus
1548 702 1603 743 ad

117 784 263 812 sacras
307 771 495 823 virgines
532 769 689 820 scribit,
725 770 822 811 dum
857 770 961 810 nihil
993 771 1267 823 consequitur
1305 784 1455 811 sanum
1489 773 1603 813 nullo

120 842 202 883 alio
238 848 419 895 cogente
466 848 636 895 praeter
670 841 812 882 vinum
846 840 985 882 cordis
1019 841 1084 881 sui
1117 855 1274 882 arcana
1307 842 1526 895 patefacti,
1561 850 1603 884 et

117 913 346 955 amicorum
381 912 461 953 sibi
495 912 724 953 commissa
757 919 926 953 secreta
947 912 989 952 in
1012 912 1196 953 medium
1219 913 1370 966 prodit.
1406 913 1452 954 In
1477 928 1602 965 quam

118 984 373 1026 sententiam
392 984 529 1024 habes
550 983 654 1024 illud
675 983 837 1024 Horatii
860 983 1037 1025 dictum:
1062 983 1230 1036 „Reges
1248 983 1445 1024 dicuntur
1462 986 1603 1025 multis

116 1069 268 1108 urgere
291 1054 471 1105 culullis,
493 1055 547 1095 Et
568 1061 765 1106 torquere
796 1068 911 1095 mero
946 1067 1069 1106 quem
1094 1055 1369 1108 prospexisse
1393 1055 1603 1101 laborant,

117 1140 171 1167 an
191 1126 244 1167 sit
262 1126 450 1166 amicitia
471 1125 670 1178 dignus“.
690 1126 743 1165 Et
761 1125 862 1166 alibi
886 1125 975 1174 „Tu
997 1125 1134 1175 leve“,
1154 1126 1301 1177 inquit,
1325 1133 1603 1175 ,tormentum

116 1198 289 1251 ingenio
311 1197 516 1238 admoves
535 1197 777 1249 Plerunque
796 1197 915 1248 duro,
939 1204 983 1238 tu
1005 1197 1259 1250 sapientium
1284 1211 1407 1238 curas
1426 1204 1468 1238 et
1486 1212 1603 1239 arca-

116 1282 214 1309 num
237 1268 394 1310 Jocoso
420 1267 652 1308 Consilium
685 1268 845 1321 retegis
879 1268 1067 1320 Lyaeo&
1102 1268 1211 1308 Nam
1233 1268 1326 1320 quis
1354 1269 1397 1309 id
1420 1269 1601 1322 ignorat,

117 1340 230 1392 quod
266 1339 465 1392 quicquid
494 1339 535 1379 in
570 1338 698 1379 corde
732 1345 797 1380 est
819 1339 947 1380 sobrii
976 1339 1018 1380 id
1052 1339 1093 1379 111
1116 1340 1262 1392 lingua
1298 1339 1449 1380 sedere
1484 1340 1602 1389 ebrii,

119 1420 159 1452 et
194 1410 305 1463 quod
338 1411 481 1451 Vinum
506 1417 547 1451 et
569 1424 662 1451 011111
694 1411 876 1464 pueritia
897 1417 939 1451 et
964 1411 1055 1451 sine
1081 1411 1261 1464 pueritia
1282 1411 1512 1452 veridicum
1538 1413 1602 1453 sit.

118 1482 239 1523 Adde
260 1495 343 1522 non
372 1482 498 1522 aliam
522 1494 719 1523 caussam
753 1482 901 1527 fuisse,
936 1495 1010 1522 cur
1029 1482 1126 1522 olim
1157 1480 1217 1534 (ut
1241 1481 1381 1522 adhuc
1403 1483 1445 1522 111
1471 1484 1603 1524 sacris
1641 1492 1706 1521 eur
1729 1491 1803 1521 olim

116 1553 250 1594 literis
269 1552 442 1605 legitur)
465 1559 695 1603 vetaretur,
719 1566 772 1593 ne
796 1553 970 1606 regibus
995 1553 1137 1593 vinum
1162 1553 1346 1603 daretur,
1382 1553 1461 1594 nisi
1490 1554 1602 1606 quod
1626 1606 1630 1611 Ι
1660 1544 1769 1602 vinum

116 1624 174 1665 ibi
207 1625 368 1665 nullum
400 1624 538 1677 possit
571 1637 668 1665 esse
703 1637 918 1671 arcanum,
946 1624 1018 1665 ubi
1053 1631 1205 1677 regnet
1231 1624 1428 1665 ebrietas.
1466 1595 1817 1678 „Namfiggfflfsffn

118 1695 218 1747 quid
266 1708 350 1735 non
402 1694 589 1736 ebrietas
644 1695 719 1745 (ait
767 1695 968 1735 Horatius
1012 1695 1054 1735 111
1099 1694 1320 1748 Epistolis)
1370 1694 1568 1748 designat
1583 1698 1604 1737 ⁴?

118 1765 279 1820 Operta
310 1765 492 1807 recludit
525 1766 635 1819 Spes
667 1766 786 1807 iubet
815 1779 913 1807 esse
946 1773 1074 1817 rates,
1105 1765 1160 1806 ad
1193 1766 1356 1819 proelia
1388 1765 1516 1807 trudit
1544 1768 1604 1808 in-

119 1850 289 1886 ermem,
315 1836 517 1878 Sollicitis
542 1837 692 1878 animis
718 1850 824 1878 onus
850 1837 994 1877 eximit
1027 1837 1222 1878 Addocet
1243 1844 1356 1877 artes
1386 1838 1605 1879 Faecundi

119 1908 276 1949 calices
311 1921 434 1960 quem
468 1921 551 1949 non
584 1908 728 1950 fecere
752 1908 996 1949 disertum-2
1033 1908 1231 1949 Scribunt
1254 1916 1408 1962 poetae
1440 1909 1606 1950 Icarum
1662 1933 1773 1963 Icarus

120 1979 272 2020 Oebali
298 1979 516 2019 Laconum
550 1981 665 2032 regis
698 1979 828 2020 filium
855 1993 905 2021 ac
932 1980 1102 2020 Patrem
1132 1980 1374 2033 Penelopes
1408 1980 1461 2021 ob
1495 1993 1605 2021 sum-
1655 1986 1790 2023 primum

119 2063 229 2090 mam
252 2050 455 2091 iustitiam
479 2056 520 2090 et
540 2051 758 2103 pietatem,
784 2064 868 2103 qua
893 2050 1113 2104 praeditus
1136 2057 1227 2091 erat
1248 2064 1273 2091 a
1303 2050 1457 2091 Libero
1485 2058 1606 2104 patre
1653 2039 1794 2121 Οζίἓξὲἶῒ

119 2121 213 2162 1000
238 2121 423 2161 muneris
445 2123 704 2174 suscepisse,
738 2129 783 2161 ut
806 2122 964 2175 primus
989 2122 1172 2162 omnium
1197 2122 1282 2163 vini
1304 2135 1424 2162 usum
1452 2129 1604 2163 morta·
1622 2141 1818 2173 mortalibus.

119 2191 232 2232 libus
262 2191 523 2241 ostenderet,
555 2193 624 2245 qui
656 2192 699 2233 id
734 2192 903 2245 quidem
937 2192 1051 2245 apud
1084 2192 1372 2233 Athenienses
1407 2193 1606 2244 ostendit,

123 2275 255 2303 saeva
287 2268 430 2303 tamen
470 2263 680 2314 mercede,
715 2277 812 2304 mox
846 2264 956 2304 enim
1002 2276 1165 2317 poenas
1200 2264 1326 2304 dedit.
1371 2278 1493 2316 quem
1528 2265 1609 2318 ipsi

122 2333 263 2374 coloni
290 2340 332 2374 et
352 2347 566 2375 messores
600 2334 705 2376 ebrii
729 2334 830 2386 (illis
859 2335 966 2375 0111111
990 2334 1032 2374 111
1054 2335 1097 2374 111
1121 2334 1265 2388 primis
1294 2335 1347 2376 ad
1376 2335 1609 2388 potandum

122 2402 316 2457 dederat)
349 2404 669 2457 interfecerunt,
704 2419 754 2446 eo
779 2405 891 2458 quod
914 2418 1125 2445 venenum
1156 2418 1202 2446 se
1231 2405 1283 2446 ab
1309 2419 1358 2446 eo
1386 2407 1608 2459 accepisse

123 2474 408 2527 crediderunt,
441 2476 510 2517 vel
542 2477 763 2531 Propertio
803 2477 874 2518 lib.
911 2477 960 2517 ΙΙ,
994 2489 1139 2517 eorum
1172 2476 1331 2517 factum
1366 2477 1425 2517 ita
1458 2491 1608 2531 appro-

122 2545 252 2586 bante
291 2546 447 2598 „Ioare,
483 2547 701 2601 Cecropiis
736 2548 885 2588 merito
918 2547 1109 2599 iugulate
1147 2547 1349 2588 colonis“.
1397 2547 1538 2597 Quare
1568 2548 1608 2588 111

125 2616 267 2657 multis
304 2617 411 2658 locis
449 2631 590 2671 poena
626 2619 940 2660 mulctabantur
978 2618 1049 2670 qui
1085 2617 1127 2658 in
1176 2618 1323 2659 vineas
1361 2618 1608 2672 prodibant3
1655 2651 1771 2681 Vinum

126 2687 325 2739 quoniam
364 2688 505 2729 vinum
545 2690 611 2740 sit,
661 2695 847 2730 testante
893 2689 1044 2739 Plinio,
1092 2688 1204 2741 quod
1249 2689 1303 2730 ad
1348 2689 1610 2742 procinctum
1655 2703 1787 2741 impedi-

124 2758 399 2801 tendentibus
445 2773 615 2813 semper
652 2760 1002 2813 impedimentum
1048 2759 1114 2800 sit.
1170 2759 1299 2800 Cuius
1339 2773 1431 2800 011111
1479 2756 1822 2814 multamentumad

126 2837 169 2870 et
200 2843 332 2885 prope
368 2830 532 2871 infinita
569 2831 652 2871 sint
684 2831 799 2881 vitia,
839 2839 926 2870 tum
960 2829 1062 2871 illud
1095 2830 1286 2883 inprimis
1320 2831 1419 2871 licet
1451 2831 1492 2871 in
1527 2811 1821 2894 1110-Ῑῖἓξὲῃρῖξῗίω

126 2901 240 2942 dium
286 2902 490 2955 proferre,
537 2902 650 2955 quod
683 2902 968 2943 Philostratus
1012 2901 1118 2942 libro
1152 2902 1202 2943 II.
1250 2901 1395 2943 scribit
1440 2901 1492 2942 de
1527 2903 1613 2943 vita
1684 2888 1752 2947 bus.

1426 2983 1467 3015 9⁴·
