1919 3273
139 342 184 375 10

139 705 182 739 15

136 1070 180 1104 20

135 1449 179 1482 25

134 2182 177 2216 35

131 2551 178 2585 40

267 260 447 301 Fulmen
478 260 520 300 in
552 258 677 300 terris
702 258 845 298 -Latiis
880 264 922 299 et
955 258 1038 300 oris

338 331 479 381 Extat,
515 329 713 382 antiquos
748 329 863 382 cupit
897 334 938 369 et
972 329 1208 382 triumphos

336 401 439 453 Iste,
474 401 546 453 qui
578 413 717 441 mores
750 405 920 441 veteres
953 413 1112 441 novare

398 472 607 525 Preparat
640 470 754 512 orbe.

269 553 380 604 Quid
412 554 549 595 feram
583 553 675 594 duri
709 553 882 594 meritos
914 553 1085 594 labores

336 624 485 666 Martis
518 624 683 675 hirsuti,
716 623 884 677 peperit
919 624 1020 677 quid
1051 625 1133 665 iste

338 695 550 747 Menibus‚
585 694 779 735 Turchos
812 694 978 748 pepulit
1011 695 1197 736 rebelles

396 766 546 807 Acrius
579 778 691 807 arce.

265 848 418 890 Nullus
451 861 662 888 armorum
695 848 815 889 locus
849 847 951 890 orbe
984 854 1132 900 restat,

335 919 416 960 Hic
449 919 554 960 satis
587 925 728 970 notus,
764 919 917 961 melius
950 919 1132 973 peregit⁷

339 989 440 1031 Sive
472 989 515 1030 in
549 996 749 1031 externas
782 990 866 1031 alio
899 990 969 1032 vel
1002 991 1114 1032 arvis

338 1060 537 1113 Undique
570 1061 718 1103 victor.

266 1143 390 1186 Nunc
422 1157 579 1198 parens
613 1144 729 1185 urbis
762 1143 894 1185 fueris
928 1144 1118 1194 Quirine,

337 1214 500 1256 Caesar
532 1220 574 1256 et
605 1214 751 1266 foelix,
785 1215 881 1268 pius
915 1220 1043 1267 atque
1077 1215 1225 1267 victor⁷

335 1285 518 1327 Candidi
549 1292 695 1340 patres
728 1299 929 1339 proceres
962 1286 1185 1338 forumque

393 1357 635 1410 Rostraque
668 1363 863 1411 poscunt.

264 1439 354 1481 Iam
386 1440 498 1492 vale,
534 1453 557 1480 o
590 1439 759 1481 Numen
791 1440 961 1494 populis
995 1453 1205 1490 serenum,

334 1510 527 1552 Advenis
553 1511 768 1564 princeps,
803 1511 1068 1564 ducibusque
1101 1511 1259 1552 nostris

334 1581 526 1635 Regibus
560 1582 622 1623 sic
653 1582 919 1636 imperioque
954 1595 1076 1623 sacro

393 1653 697 1706 Militibusque.

262 1734 399 1777 Cerne
434 1736 535 1789 quid
566 1743 690 1778 vates
722 1737 897 1777 valeant
929 1736 1054 1790 periti

332 1806 409 1848 His
442 1807 542 1848 licet
574 1808 739 1861 Regum
772 1807 959 1848 numeris
992 1813 1141 1848 notare

335 1876 481 1930 Gesta,
517 1891 644 1931 quam
678 1879 760 1919 sint
795 1879 980 1920 carmine
1014 1878 1136 1932 plura
1169 1878 1298 1920 docto

393 1949 533 1990 Fortis
565 1949 669 1991 Iule.

262 2031 331 2072 Da
363 2045 486 2074 sacro
519 2033 607 2074 vati
638 2032 858 2085 ingenium
890 2032 1125 2086 profusum,

333 2103 398 2143 Tu
418 2110 543 2157 potes
575 2103 797 2157 Princeps,
829 2103 931 2144 mihi
959 2117 1044 2144 non
1072 2103 1256 2156 negabis

337 2173 419 2223 Qui
451 2180 567 2214 tuum
602 2187 772 2228 semper
805 2173 1035 2215 celebrabo
1069 2187 1224 2215 nomen

392 2245 576 2287 Numine
609 2252 750 2300 capto.

262 2328 325 2369 Te
358 2342 515 2371 novum
547 2330 670 2370 terris
703 2329 834 2371 faciet
866 2329 1041 2370 beatum

333 2400 524 2455 Tempus
558 2407 599 2442 et
631 2401 761 2454 longe
795 2400 982 2454 spatium
1016 2405 1206 2450 senecte⁷

334 2470 501 2524 sydera
534 2477 575 2512 et
608 2471 778 2524 magnis
811 2476 1045 2511 memorate
1080 2469 1189 2511 divis

391 2542 562 2583 Vertice
594 2542 701 2584 visa.

264 2630 408 2672 Victor
441 2636 483 2671 et
514 2630 647 2671 foelix
679 2644 872 2681 maneas,
908 2630 1069 2671 amicus

336 2700 546 2742 Gentibus
580 2715 764 2755 semper,
798 2701 969 2755 populis
1004 2706 1045 2741 et
1081 2699 1173 2741 orbi

335 2772 397 2813 Te
431 2785 567 2825 genus
600 2779 805 2822 nostrum,
837 2773 1102 2824 iuvenesque
1135 2769 1258 2824 parvi

393 2844 447 2885 Et
478 2857 586 2897 puer
617 2850 752 2885 orant.

1472 113 1546 151 363
