1955 3278
363 144 436 177 <208

363 287 574 328 immerito
609 300 703 327 cum
737 286 789 327 ab
824 286 998 327 ineunte
1032 285 1328 327 adulescentia
1363 286 1404 327 in
1438 286 1550 328 hunc
1572 298 1706 339 usque
1740 286 1852 328 diem

366 371 582 411 nunquam
629 370 770 398 coram
815 363 934 398 tanto
981 357 1186 411 principe,
1232 363 1315 397 tam
1351 356 1491 406 docto,
1537 364 1623 398 tam
1655 357 1853 411 religioni

365 429 524 480 dedito,
558 434 729 481 tamque
764 428 992 470 excellenti
1024 429 1155 470 verba
1177 428 1366 470 fecerim.
1402 428 1493 470 Huc
1527 428 1695 470 accedit
1738 428 1852 482 quod

363 514 441 542 eos
475 500 693 541 auditores
726 500 925 551 habeam,
960 513 1135 553 quorum
1170 499 1222 540 de
1256 512 1323 540 me
1348 499 1648 553 expectationi,
1683 513 1759 553 pro
1792 500 1852 540 in-

362 569 590 613 credibili¹
627 584 753 623 quam
786 570 840 612 ob
874 576 973 612 tuae
1007 570 1276 613 celsitudinis
1310 570 1540 611 adventum
1574 571 1726 612 animis
1764 571 1852 612 suis

363 649 627 696 exceperunt
658 642 844 692 laeticia,
879 642 1069 684 diffiicile
1104 642 1158 683 sit
1190 643 1381 684 oratione
1423 642 1693 695 quantumvis
1727 641 1854 684 docta

364 713 517 755 laudes
550 720 646 754 tuas
692 713 952 755 celebrando
987 713 1253 760 satisfacere,
1298 714 1425 767 longe
1459 720 1602 754 tamen
1638 712 1852 755 difficilius

363 799 441 839 pro
474 785 668 838 ingenita
702 798 845 825 eorum
879 791 1008 837 atque
1043 783 1303 824 hereditaria
1335 784 1484 825 orandi
1516 784 1735 836 facultate,
1769 797 1852 826 non

362 869 463 898 esse
498 855 671 897 fastidio
703 855 851 896 rudem
887 855 999 896 hunc
1039 860 1081 896 et
1124 855 1327 896 incultum
1377 856 1459 896 mei
1509 856 1717 896 sermonis
1757 855 1851 897 hor-

362 941 513 969 rorem.
558 927 817 967 Praesertim
852 940 944 967 cum
979 926 1193 967 absurdae
1232 926 1484 967 temeritatis
1519 933 1560 967 et
1593 927 1853 968 ambiciosae

362 998 574 1040 audaciae
621 997 743 1051 argui
775 997 950 1051 possim,
998 997 1111 1049 quod
1146 997 1403 1038 semiblesus
1448 1011 1589 1038 coram
1621 1004 1708 1039 tam
1742 998 1854 1052 sapi-

365 1069 536 1110 entibus
568 1069 685 1121 loqui
718 1068 913 1110 audeam.
946 1068 1000 1109 At
1028 1074 1143 1109 certe
1179 1068 1214 1109 si
1238 1076 1311 1108 tua
1343 1068 1642 1119 mansuetudo,
1676 1069 1853 1110 Praesul

363 1140 736 1191 reverendissime,
777 1139 1040 1192 aliorumque
1074 1139 1144 1192 qui
1177 1139 1334 1180 adsunt
1372 1138 1597 1191 modestia,
1631 1140 1854 1181 consilium

363 1212 659 1264 rationemque
692 1224 831 1252 meam
864 1210 1184 1264 perpenderint,
1217 1224 1302 1251 una
1335 1223 1499 1251 mecum
1532 1210 1575 1251 id
1609 1210 1709 1263 quid
1740 1210 1853 1252 facio

363 1282 619 1336 probabunt.
669 1282 886 1334 Dabitque
931 1281 1034 1322 mihi
1078 1288 1151 1322 tua
1185 1281 1412 1322 clementia
1456 1282 1648 1332 veniam„
1686 1282 1721 1323 si
1754 1282 1853 1334 quid

363 1354 503 1395 minus
548 1359 663 1407 apte,
706 1353 846 1393 minus
892 1352 1031 1403 docte,
1072 1359 1144 1393 aut
1178 1352 1355 1403 erudite,
1401 1353 1511 1394 inter
1543 1353 1750 1394 orandum
1784 1367 1854 1394 ex-

365 1424 527 1466 ciderit.
578 1424 673 1465 Non
708 1425 819 1465 enim
853 1424 1042 1465 iniussus
1076 1424 1158 1465 huc
1191 1424 1329 1475 venio,
1377 1424 1453 1465 sed
1487 1423 1688 1465 mandato
1733 1438 1854 1479 prae-

364 1503 579 1550 ceptoque
625 1496 828 1536 maiorum
875 1508 1063 1536 meorum
1110 1494 1315 1549 parendo,
1359 1495 1456 1536 huic
1489 1502 1635 1536 tantae
1670 1495 1853 1547 dicendi,

364 1568 612 1621 provinciae
645 1567 846 1607 humeros
879 1580 997 1608 meos
1031 1567 1205 1608 subieci.
1247 1566 1335 1608 Sed
1368 1573 1452 1607 tam
1486 1566 1724 1620 perfectum
1757 1581 1854 1609 con-

365 1635 738 1691 summatumque2
785 1644 996 1679 oratorem
1042 1637 1134 1678 dari
1178 1651 1308 1691 posse
1353 1651 1623 1690 nequaquam
1669 1638 1853 1689 credam,

365 1710 434 1751 cui
479 1717 598 1750 tanta
643 1723 719 1763 pro
763 1710 825 1750 rei
870 1709 1163 1762 magnitudine
1210 1709 1381 1750 dicendi
1418 1708 1568 1750 affluat
1601 1709 1738 1763 copia,
1785 1710 1855 1762 qui

364 1794 575 1822 summum
598 1780 702 1821 illud
726 1786 767 1821 et
784 1780 1001 1821 insolitum
1019 1787 1209 1821 nostrum
1233 1779 1435 1833 gaudium
1458 1779 1571 1832 quod
1590 1780 1643 1821 de
1667 1780 1851 1834 splendi-

366 1851 542 1893 dissimo
577 1855 618 1892 et
652 1851 920 1905 optatissimo
955 1850 1143 1892 adventu
1177 1857 1263 1901 tuo,
1311 1850 1471 1904 Georgi
1505 1851 1703 1905 princeps
1738 1851 1854 1892 illus-

364 1923 564 1971 trissime,
615 1922 824 1963 habemus
859 1921 1001 1963 verbis
1034 1928 1079 1962 ut
1111 1935 1188 1975 par
1233 1929 1350 1963 esset
1383 1929 1680 1974 consequatur.
1715 1922 1855 1964 Tanta

365 2000 433 2035 est
466 1995 577 2035 enim
610 2001 757 2035 nostra
790 1994 977 2042 laeticia,
1011 1998 1132 2034 tanta
1165 1993 1383 2043 exultatio,
1418 2000 1463 2033 ut
1494 1993 1536 2033 in
1568 1998 1689 2035 tanta
1716 2007 1853 2034 rerum

366 2066 491 2120 copia
523 2065 628 2105 nihil
660 2064 901 2115 iucundius,
936 2064 1040 2105 nihil
1074 2064 1258 2114 charius,
1282 2064 1385 2104 nihil
1419 2064 1649 2118 optabilius
1683 2065 1853 2106 evenire

365 2137 591 2190 potuisset,
640 2150 765 2188 quam
798 2142 840 2177 te
874 2143 1148 2189 praesentem
1187 2135 1491 2189 aspiceremus,
1539 2148 1853 2179 veneraremur.

366 2207 773 2259 admiraremurque.
807 2207 1007 2260 religioso
1042 2213 1113 2247 tuo
1148 2207 1301 2257 animo,
1344 2207 1478 2259 gloria
1511 2207 1750 2259 virtuteque
1784 2207 1855 2248 de-

366 2280 632 2320 lectaremur.
685 2277 718 2319 ‹ss›
755 2279 789 2318 si
824 2285 921 2318 tuae
956 2277 1341 2318 reverendissimae
1388 2277 1585 2330 dignitati
1622 2278 1751 2319 lincei
1783 2284 1854 2318 aut

367 2350 508 2403 potius
554 2349 686 2390 divini
730 2349 871 2389 forent
904 2349 1030 2399 oculi,
1076 2349 1229 2401 quibus
1270 2348 1485 2401 magnifici
1530 2348 1689 2390 domini
1721 2349 1854 2390 nostri

366 2421 560 2462 Rectoris
607 2427 648 2461 et
693 2421 822 2461 totius
868 2420 1079 2473 gymnasii
1125 2433 1200 2459 suo
1242 2419 1391 2460 crediti
1436 2419 1631 2473 regimini
1676 2426 1852 2473 pectora

367 2492 656 2545 conspiceres,
690 2491 859 2532 videres
899 2490 1140 2544 profecto,²⁵
1181 2496 1341 2542 quanta
1371 2490 1499 2531 animi
1533 2490 1769 2535 alacritate,
1800 2490 1853 2531 ob

366 2576 617 2616 prosperam
636 2568 751 2602 tuam
778 2562 1084 2612 valetudinem,
1103 2561 1483 2613 felicissimumque
1507 2561 1549 2602 in
1573 2562 1683 2602 hanc
1706 2561 1853 2602 urbem

366 2633 655 2674 Viennensem
675 2633 905 2674 adventum
925 2633 1114 2685 gestiant
1136 2640 1178 2672 et
1202 2633 1403 2673 exultent.
1437 2632 1501 2673 Ad
1524 2632 1664 2672 Titum
1688 2631 1852 2673 Livium

367 2749 413 2783 ad
442 2748 544 2783 Caes.
583 2752 775 2783 conventu.
815 2749 922 2782 Anno
957 2749 999 2782 M.
1015 2748 1057 2782 D.
1073 2748 1169 2781 XV.“
1219 2747 1368 2792 Vegen:
1412 2748 1652 2790 „Impressum
1691 2747 1852 2782 Viennae

366 2808 575 2842 Pannoniae
595 2819 659 2851 per
677 2809 924 2851 Hieronyuum
952 2808 1145 2841 Vietorem.
1174 2807 1352 2850 Expensis
1372 2817 1457 2841 vero
1479 2806 1659 2841 Leonardi
1677 2809 1713 2840 et
1734 2807 1852 2840 Lucae

367 2867 544 2901 Alantsee
572 2867 731 2901 fratrum.
759 2868 882 2901 Mense
910 2866 1069 2900 Jannari.
1098 2866 1205 2900 Anno
1231 2867 1275 2899 M.
1292 2866 1460 2899 D.XVI.“

488 2928 495 2947 ¹
525 2926 690 2961 increbila'
718 2938 737 2960 a
764 2927 904 2960 kiadas.
956 2926 968 2944 ²¹
997 2928 1334 2969 consumatumque.
1388 2926 1399 2942 ³²
1426 2925 1604 2968 porfecto.
