1955 3278
298 250 376 292 Vel
409 251 552 292 tribuit
584 252 740 293 nostris
774 252 939 306 Syrmia
973 262 1109 295 mesta
1143 256 1297 309 plagis.

237 321 384 363 Ardua
416 322 623 375 quottidie
657 330 700 364 ut
734 325 988 365 crescebant
1022 327 1163 367 menia
1195 327 1357 375 Budae,

295 393 458 435 Taliter
490 394 664 436 assidue
698 396 870 436 conscia
902 395 1018 436 fama
1051 396 1166 437 foris.

117 473 183 507 515
236 464 426 517 Argento
459 465 599 506 fuerat
632 466 766 517 dives,
801 466 879 508 sed
913 467 1038 507 ditior
1071 481 1172 508 auro

293 534 372 576 Hic
406 537 621 590 princeps,
655 537 820 590 patriae
854 538 1039 577 maxima
1071 539 1214 591 palma
1248 553 1363 580 suae.

236 605 448 660 Quicquid
480 608 522 648 111
556 608 729 661 antiquo
763 608 903 648 fuerat
937 608 1178 661 mundoque
1213 610 1387 661 recenti,

292 676 446 719 Omnia
478 679 673 733 possedit
705 679 991 733 prosperitate
1027 680 1151 720 bona.

231 748 311 790 Hic
345 749 498 803 opibus
532 756 701 803 poterat
732 751 897 804 priscos
931 763 1135 803 superare
1170 750 1370 800 Quirites,

111 828 179 862 520
289 819 472 862 Divitias
509 821 668 871 Croesi,
703 820 960 873 divitiasque
994 820 1160 873 Mydae.

231 889 356 931 Curia
389 904 482 932 curn
516 892 661 933 nitidis
694 892 839 933 micuit
872 892 1074 932 distincta
1107 892 1321 942 ministris,

288 960 491 1003 Militibus
525 963 667 1015 variis,
703 964 1015 1017 cuspigeroque
1051 963 1173 1004 duce.

228 1031 359 1073 Affuit
393 1042 434 1074 et
467 1035 605 1088 pubes
638 1035 777 1088 longis
811 1035 1008 1075 redimita
1041 1035 1220 1088 capillis,

287 1104 319 1144 F
323 1106 478 1146 ormosi
511 1107 631 1159 pueri
665 1106 949 1147 conveniente
982 1113 1097 1159 toga.

107 1181 175 1214 525
229 1172 467 1217 Germanus
499 1176 639 1217 fuerat
672 1189 894 1230 praesens,
929 1177 1180 1230 crispusque
1214 1176 1417 1229 Polonus,

287 1245 434 1288 Criniti
466 1261 682 1301 proceres,
718 1248 873 1290 bellica
905 1248 1029 1289 turba
1063 1248 1199 1289 simul.

225 1315 426 1358 Ludebat
458 1319 578 1361 miles
611 1319 779 1373 gladiis,
815 1319 1051 1371 docilisque
1084 1319 1283 1360 iuventus

284 1387 487 1431 Cursibus
521 1398 587 1432 ast
620 1391 692 1432 alii
724 1391 907 1445 pectine,
943 1404 1060 1442 voce,
1095 1391 1199 1443 lyra,

224 1464 280 1499 At
311 1460 463 1513 reliqui
496 1461 608 1504 ferro
642 1463 876 1503 certamina
910 1462 1015 1503 dura
1049 1461 1211 1502 bidenti

105 1537 173 1572 530
284 1529 517 1585 Congressi
550 1533 735 1584 fuerant,
770 1532 962 1586 cuspide,
996 1532 1124 1583 fuste,
1159 1531 1279 1573 sude.

227 1601 332 1643 Hinc
364 1603 470 1655 litui,
505 1611 572 1644 ast
604 1604 733 1656 illinc,
768 1611 853 1645 tum
889 1617 1047 1645 cornua
1081 1616 1210 1644 curva
1243 1603 1470 1645 sonabant.

280 1673 536 1716 Fundebant
570 1676 734 1717 sonitus
767 1682 971 1729 tympana
1002 1688 1133 1715 rauca
1166 1687 1280 1715 suos.

220 1744 325 1786 Post
347 1746 500 1799 ingens
524 1747 666 1789 valide
689 1748 836 1801 fragor
858 1747 1047 1788 Aethera
1070 1759 1235 1787 summa
1257 1745 1466 1799 replebat,

280 1816 391 1858 Dum
424 1819 547 1872 lapso
580 1819 707 1860 tellus
742 1818 872 1859 milite
906 1830 1057 1872 pressa
1089 1817 1178 1857 fuit.

100 1895 168 1929 535
221 1886 489 1941 Spectabant
521 1891 626 1932 varii
657 1890 860 1931 mirantes
894 1889 1041 1931 ordine
1074 1888 1202 1941 longo

276 1960 366 2002 Hos
398 1961 523 2002 ludos
556 1962 716 2016 populi,
751 1960 1086 2014 magnificosque
1120 1959 1249 2010 iocos,

216 2031 516 2086 Magnanimus
549 2035 749 2087 princeps
784 2033 892 2074 haec
925 2031 1151 2072 maiestate
1186 2043 1341 2071 serena

277 2102 513 2157 Spectabat
545 2106 705 2159 pariter
736 2106 875 2146 laetus
909 2104 962 2145 ab
997 2116 1095 2144 arce
1131 2115 1219 2143 sua.

214 2173 268 2214 Et
301 2188 578 2230 quoscunque
612 2190 688 2218 suo
722 2176 926 2218 cernebat
959 2186 1132 2214 munere
1166 2172 1334 2226 dignos,

96 2253 164 2287 540
276 2245 373 2287 Mox
404 2247 488 2289 illis
521 2248 691 2302 placide
724 2247 906 2301 grandia
940 2247 1051 2287 dona
1085 2244 1228 2288 dabat.

215 2316 398 2359 Condita
431 2319 466 2359 si
498 2319 601 2360 mihi
633 2332 752 2361 mens
788 2326 830 2360 et
862 2325 1013 2372 pectus
1047 2317 1206 2358 firmius
1241 2322 1370 2366 esset,

272 2389 484 2443 Pluraque
518 2404 612 2432 cum
646 2391 802 2444 linguis
835 2389 1026 2444 pluribus
1060 2402 1134 2430 ora
1166 2389 1318 2430 forent.

211 2458 307 2500 Non
340 2466 483 2502 tamen
516 2462 675 2504 idcirco
709 2462 1017 2516 complecterer
1050 2460 1192 2501 omnia
1224 2459 1379 2510 verbis,

270 2531 449 2573 Materia
480 2534 591 2574 vires
626 2540 888 2587 exuperante
921 2545 1052 2573 meas.

91 2609 158 2643 545
210 2601 289 2643 Hic
322 2603 472 2645 habuit
505 2606 698 2657 quamvis
732 2605 894 2655 hostes,
928 2616 1214 2658 proceresque
1247 2602 1447 2655 rebelles,

268 2674 478 2729 Imprimis
512 2677 680 2725 multos,
714 2676 905 2727 foedere,
940 2683 1095 2725 mente,
1132 2675 1242 2723 dolo,

210 2743 298 2786 Sed
330 2746 430 2788 vicit
463 2747 634 2789 tandem
669 2761 825 2802 magno
858 2749 1088 2789 luctamine
1123 2754 1313 2797 01100106,

268 2816 520 2871 Astringens
555 2820 683 2860 armis
716 2819 757 2859 111
792 2833 869 2860 6113
902 2819 1033 2860 votal
1065 2819 1180 2860 feris.

211 2907 220 2926 ยน
248 2908 283 2941 iu
310 2919 376 2942 sua
402 2910 437 2943 10
464 2914 548 2944 vota
576 2912 619 2944 A.

1541 115 1609 148 <247
