1919 3273
109 267 152 300 35

105 620 150 653 40

104 974 149 1006 45

105 1330 148 1363 50

103 1685 146 1717 55

102 2041 145 2073 60

102 2396 145 2428 65

103 2750 146 2784 70

1476 114 1547 148 415

211 257 322 307 Quid
355 257 432 298 tibi
465 257 634 298 solliciti
666 257 857 311 pendent
888 257 931 298 in
966 258 1092 299 corde
1127 257 1333 299 dolores‘?

266 328 367 369 Plus
402 328 525 369 solito
559 328 697 381 pallor
729 341 803 368 cur
835 328 903 368 vel
935 328 977 368 in
1011 341 1083 369 ore
1118 328 1281 370 sedet?

207 399 334 439 Forte
369 399 489 439 doles
522 398 684 452 patrios
718 398 817 438 olim
849 398 1025 451 liquisse
1059 405 1240 453 penates

266 469 476 510 Externos
509 470 688 511 visitans
722 482 787 509 me
820 470 1013 523 rapiente
1047 470 1182 511 Lares
1200 469 1221 510 ἶ)

209 539 253 581 Si
286 540 361 581 tibi
396 540 502 581 dura
534 540 603 581 via
636 545 715 590 est,
750 539 878 580 sedes
912 547 1156 593 repetamus
1190 541 1341 589 avitas,

268 610 504 652 Contentus
537 610 686 664 patriis
720 611 907 651 moribus
941 624 1038 651 esse
1072 618 1209 664 poteS.

206 681 384 722 Dixerat
417 687 459 722 et
492 694 691 734 magnam
726 681 832 721 deus
866 682 1194 723 assimulaverat
1226 682 1344 733 iram,

266 752 386 802 Quae
420 752 521 792 mihi
555 752 607 793 de
641 757 729 792 toto
763 752 890 793 corde
924 752 1114 793 timenda
1146 753 1235 793 fuit.

206 823 300 863 Non
318 823 421 863 mihi
438 836 520 864 vox
538 823 688 863 fuerat.
713 822 824 872 Quid
843 823 954 863 enim
977 824 1251 875 loquerentur
1274 830 1485 874 amantes⁷

266 893 382 942 Quos
415 893 506 935 fieri
539 894 733 947 elingues
768 907 899 947 saepe
934 894 1075 947 coegit
1107 893 1260 934 amor‘?

205 964 427 1005 Postremo
461 966 590 1005 statui
624 965 802 1005 tremulo
837 965 890 1005 de
924 973 1097 1018 pectore
1131 978 1278 1006 vocem

264 1036 489 1089 Rumpere,
525 1036 601 1077 sed
634 1037 768 1077 vetuit
801 1037 933 1076 multa
967 1036 1091 1077 silere
1124 1036 1272 1089 pudor.

203 1107 298 1148 Non
322 1108 436 1159 mihi,
467 1108 643 1149 Phoebe
668 1115 802 1161 pater,
828 1114 925 1148 sunt
948 1107 1086 1161 patria
1108 1107 1257 1160 iugera
1280 1121 1421 1157 curae,

262 1178 353 1220 Nec
384 1192 462 1232 per
492 1179 738 1219 inassuetas
773 1193 838 1220 me
873 1179 991 1232 piget
1024 1178 1083 1219 ire
1117 1179 1221 1219 vias.

203 1249 298 1290 Non
332 1256 397 1290 est
429 1249 539 1290 haec
571 1250 705 1290 nostri
737 1263 887 1291 revera
921 1262 1052 1290 causa
1085 1249 1256 1300 doloris,

265 1319 400 1368 Quam
434 1320 556 1361 vafra
588 1320 758 1361 nimium
793 1320 955 1373 fingere
989 1326 1131 1360 mente
1166 1320 1289 1360 soles.

206 1390 368 1445 Sponte
403 1391 475 1432 diu
509 1392 603 1445 cepi
635 1391 887 1445 peregrinas
919 1391 1058 1432 visere
1092 1397 1241 1441 terras,

262 1462 359 1503 Ulla
391 1476 472 1503 nec
505 1469 570 1503 est
604 1468 772 1503 nostros
806 1475 938 1503 causa
970 1468 1134 1502 morata
1166 1461 1314 1514 pedes.

203 1533 258 1575 Ut
280 1533 383 1574 mihi
416 1547 525 1586 quae
557 1534 686 1586 longo
719 1533 801 1573 iam
824 1541 1012 1586 tempore
1047 1533 1262 1585 quaeritur
1294 1545 1401 1573 uxor

260 1603 506 1645 Inveniatur
539 1611 580 1646 et
615 1611 680 1645 est
714 1611 845 1658 nupta
877 1604 1063 1657 legenda
1097 1603 1230 1644 thoro.

203 1675 332 1716 Plura
363 1675 600 1716 locuturum
633 1675 903 1729 properando
937 1681 1080 1715 tacere
1116 1675 1270 1727 coegit,

261 1746 327 1787 Ad
360 1747 476 1800 prius
509 1747 725 1800 inceptum
759 1759 910 1798 meque
944 1745 1112 1786 reduxit
1144 1745 1236 1785 iter.

202 1817 279 1858 Est
311 1817 590 1866 Heliconoum
623 1817 743 1858 100113
771 1817 874 1857 haut
907 1817 1113 1857 obscurus
1137 1815 1192 1856 ad
1217 1829 1400 1867 amnem⁷

260 1888 633 1943 Bellerophonteis
666 1902 750 1929 non
783 1889 894 1928 male
927 1894 1052 1928 notus
1086 1886 1220 1938 aquis.

202 1959 281 2001 Hic
312 1973 389 2013 per
422 1973 603 2001 amoena
636 1973 787 2001 novem
823 1959 1028 2013 conspexi
1060 1965 1182 2012 prata
1217 1970 1384 1998 sorores

260 2028 441 2084 Aequali
474 2031 600 2081 facie,
635 2032 729 2084 quis
763 2038 892 2084 neget
926 2043 1022 2071 esse
1057 2027 1202 2070 deas?

203 2101 323 2151 Quae
357 2102 455 2143 dum
489 2103 721 2143 Phoebeae
754 2102 951 2143 viderunt
982 2100 1141 2141 lumina
1174 2099 1325 2140 frontis

261 2171 413 2214 Omnia
446 2173 657 2215 continuis
690 2173 867 2214 vocibus
901 2185 1003 2213 arva
1036 2176 1202 2213 sonant.

202 2243 320 2285 Haec
344 2243 573 2297 Cytharam
595 2244 745 2300 iungit,
770 2244 883 2285 canit
905 2243 978 2283 illa
1000 2243 1104 2295 lyra,
1129 2241 1434 2282 monocordum

259 2315 406 2356 Altera
439 2315 669 2357 distendit:
703 2315 883 2355 Nablia:
918 2314 1043 2355 turba
1075 2312 1195 2366 rapit.

202 2386 341 2427 Astuli
373 2386 553 2440 Tytanis
586 2391 764 2427 cernunt
796 2399 861 2426 me
895 2391 1017 2437 terga
1050 2389 1299 2436 sequentem

260 2457 502 2510 Diffugiunt
534 2470 682 2498 omnes
714 2457 824 2497 inter
858 2462 899 2496 et
932 2461 1055 2495 antra
1086 2455 1235 2495 latent.

202 2527 297 2568 Non
328 2527 412 2569 illis
445 2529 645 2581 quoniam
682 2526 819 2581 (primi
852 2540 963 2567 nova
995 2538 1155 2579 sponsa
1186 2524 1323 2565 mariti

261 2598 347 2641 Ora
378 2599 495 2640 videt
527 2599 672 2640 timido
705 2596 881 2649 lumine)
915 2603 1040 2637 notus
1074 2609 1202 2637 eram.

203 2669 410 2712 Continuo
445 2670 578 2711 sacris
610 2670 706 2710 illas
739 2668 956 2710 revocavit
991 2667 1045 2708 ab
1079 2667 1210 2707 antris

260 2741 375 2782 Inter
407 2747 449 2782 et
480 2741 560 2782 has
592 2740 778 2781 medium
811 2739 924 2792 cepit
956 2738 1107 2791 Apollo
1140 2737 1292 2788 locum,

201 2812 354 2864 Meque
387 2811 630 2853 verecundo
663 2818 750 2852 tum
782 2810 891 2851 forte
924 2808 1087 2863 pudore
1119 2808 1341 2848 rubentem

261 2882 370 2924 Ante
404 2895 505 2923 suos
536 2882 660 2923 iussit
691 2882 883 2935 protinus
915 2880 975 2921 ire
1007 2878 1156 2933 pedeS,
