1919 3273
268 107 336 141 516

480 308 539 342 Α(1
574 309 932 344 Reverendissimum
965 310 1006 343 D.
1036 310 1243 343 Ludis-laum
1271 309 1466 343 Zalkanum
1495 309 1618 343 Archi-

552 369 766 413 episeopum
795 369 1081 414 Strigonienscin
1136 396 1616 402 .........

478 620 518 653 In
545 620 684 663 Regem
711 620 747 653 in
774 620 939 654 eiusdem
980 620 1235 654 Reverendiss.
1270 619 1311 653 D.
1339 618 1619 662 Archiepisoopi

551 679 705 714 aedibus
732 689 816 714 sese
844 680 1094 714 obarmantcm
1135 706 1616 713 .........

478 739 539 773 Ad
566 739 722 773 eundem
774 765 1615 773 ...............

480 799 712 833 Tormentem
739 799 909 834 bellicum
961 825 1617 834 ............

478 859 516 893 L.
546 857 580 892 S.
659 886 1139 893 .........

479 918 607 952 Ursino
634 928 853 961 responsum
897 947 903 953 .
1016 945 1615 953 ...........

480 978 538 1011 Ad
566 976 759 1011 Saleanum
835 1004 1614 1013 ..............

481 1035 541 1072 Ad
561 1037 793 1082 Magnificum
814 1038 855 1072 Ι).
878 1038 1104 1082 Stephanum
1122 1038 1358 1073 Verbeutium
1376 1038 1479 1082 regni
1499 1037 1618 1082 Unga-

550 1097 624 1131 riae
650 1098 856 1132 Palatinum
897 1124 1615 1133 .............

478 1157 539 1190 Ad
566 1157 723 1191 cundem
775 1184 1615 1193 ...............

479 1217 539 1250 Ad
566 1216 723 1251 eundem
776 1244 1614 1252 ...............

478 1288 538 1322 Ad
556 1289 916 1324 Reverendissimum
931 1290 1116 1324 dominum
1132 1288 1355 1333 Stephanum
1371 1287 1617 1322 Brodericium

550 1349 774 1392 Episcopum
790 1349 1037 1394 Syr-miensem
1056 1353 1124 1384 etc.
1144 1349 1271 1393 inclyti
1289 1348 1392 1393 regni
1411 1347 1617 1393 Hungariae

550 1409 807 1443 cancellarium
837 1435 1615 1443 ..............

477 1469 537 1503 Ad
564 1468 721 1503 cundem
777 1495 1614 1504 ...............

477 1528 537 1562 Ad
563 1528 719 1562 eundem
777 1554 1614 1563 ...............

476 1588 536 1622 Ad
563 1588 718 1623 eundem
745 1589 953 1624 venientem
981 1589 1204 1633 Strigonium
1253 1614 1612 1621 .......

476 1647 537 1681 Ad
575 1649 832 1683 Reverendiss.
871 1649 913 1684 D.
955 1649 1177 1683 Stanislaum
1216 1648 1439 1692 Episcopum
1476 1647 1617 1681 Olomu-

548 1718 696 1743 censcm
772 1734 1615 1743 ...............

475 1768 534 1802 Ad
560 1768 791 1812 Magnificum
818 1768 860 1803 D.
888 1769 1057 1803 Alexium
1084 1769 1312 1802 Thursoncm
1369 1795 1614 1801 .....

475 1828 534 1862 Ad
561 1828 816 1862 Reverendum
853 1828 895 1863 D.
922 1825 1108 1863 Andrean]
1146 1828 1401 1872 Praepositum
1441 1827 1616 1871 Strigoni-

547 1898 672 1922 ensem
698 1888 822 1922 Virum
849 1889 1092 1932 undecunque
1120 1888 1374 1923 doctissimum
1429 1915 1435 1921 .
1489 1916 1495 1921 .
1549 1915 1554 1920 .
1608 1915 1613 1921 .

475 1947 533 1981 Ad
566 1947 725 1982 nobilem
762 1948 804 1982 D.
840 1947 1038 1993 Georgium
1073 1948 1259 1982 Loxanum
1297 1948 1454 1992 Regium
1492 1947 1617 1982 Secre-

545 2006 676 2040 tarium
726 2034 1614 2042 ...............

475 2066 529 2101 De
556 2066 760 2101 clarissimo
787 2068 864 2102 viro
892 2068 1093 2102 Benedicto
1120 2067 1283 2102 Bekonio
1311 2067 1358 2101 ad
1383 2067 1556 2101 Pisonem
1607 2094 1613 2100 .

475 2125 535 2159 Ad
562 2125 720 2160 eundem
771 2153 1612 2161 ...............

476 2182 535 2218 Ad
574 2185 750 2228 optimum
792 2186 916 2220 Virum
960 2186 1001 2220 D.
1048 2186 1252 2220 Emer-icum
1291 2185 1418 2220 Calnai
1460 2185 1615 2230 Regium

546 2243 789 2279 Secretarium
833 2273 1613 2280 ..............

284 2317 339 2350 94.
368 2315 563 2352 Vadianus
583 2316 822 2359 (Ioachinus):
842 2317 902 2351 Ad
919 2318 1081 2361 ampliss.
1097 2317 1211 2352 virum
1230 2318 1272 2352 D.
1288 2317 1465 2352 Thomam
1479 2317 1613 2351 Rufum

284 2448 340 2482 95.

284 2580 339 2612 96.

545 2376 811 2411 Consolatoria.
839 2376 1041 2411 Distichon.
1070 2377 1233 2411 MDXIII.
1310 2404 1613 2411 ......

392 2468 435 2471 —
486 2447 730 2491 (Ioachinus):
767 2448 1015 2483 Octostichon.
1056 2449 1201 2483 MDXII.
1245 2449 1304 2482 Ad
1346 2449 1614 2493 Panegyricum

543 2507 755 2542 Wolfhardi
772 2535 1612 2543 ...............

393 2599 433 2602 -
488 2579 732 2622 (Ioachinus):
759 2579 819 2613 Ad
840 2580 1074 2623 Rudolphum
1100 2580 1312 2624 Agricolam
1330 2580 1366 2613 in
1386 2591 1478 2624 opus
1506 2580 1611 2614 Pom-

543 2638 644 2682 ponii
669 2638 795 2673 Melae.
824 2639 998 2679 Viennae,
1025 2639 1212 2673 MDXVIII
1217 2666 1610 2674 ........

284 2710 338 2743 97.
366 2709 486 2745 Valor
513 2709 753 2753 (Philippus):
794 2710 853 2744 Ad
879 2710 1052 2744 Mathiam
1089 2721 1214 2755 regem
1240 2711 1276 2744 in
1302 2711 1433 2745 librum
1467 2711 1613 2755 Synesii

284 2841 338 2875 98.

542 2769 722 2803 Platonici
749 2770 794 2804 de
821 2770 992 2804 vaticinio
1020 2773 1077 2804 etc
1083 2798 1611 2804 ..........

392 2862 434 2866 -
485 2841 724 2885 (Philippus):
752 2836 811 2875 Ad
837 2852 962 2886 regem
988 2842 1159 2876 Mathiam
1185 2842 1220 2875 in
1248 2852 1360 2876 causa
1386 2841 1531 2875 Marsilii
1556 2841 1611 2874 Fi-

545 2900 615 2933 cini
643 2910 686 2934 ex
712 2900 850 2935 incerto
878 2904 1041 2944 tempore
1071 2929 1610 2935 ..........

1691 678 1760 711 465

1690 738 1760 771 465

1692 797 1760 831 465

1690 857 1759 890 465

1691 916 1760 949 466

1689 976 1758 1009 467

1690 1096 1759 1129 467

1690 1155 1759 1190 468

1690 1215 1759 1248 468

1690 1407 1758 1441 469

1690 1466 1759 1500 469

1689 1526 1758 1559 469

1689 1586 1758 1620 469

1689 1707 1758 1740 470

1689 1766 1757 1800 471

1689 1886 1757 1920 471

1689 2006 1757 2039 472

1689 2065 1757 2099 472

1688 2125 1756 2159 473

1687 2245 1756 2278 473

1688 2377 1758 2410 474

1686 2508 1756 2542 474

1685 2640 1753 2673 475

1685 2770 1753 2804 475

1685 2901 1753 2934 476
