1919 3273
317 88 385 122 456

318 232 489 287 publico
523 245 665 274 errore
699 233 824 274 silere
859 232 1111 285 silendoque
1144 232 1282 286 magis
1317 246 1368 275 ac
1400 234 1538 287 magis
1560 233 1808 288 praeterfa¹

319 310 360 345 et
393 317 577 357 aequum
599 304 779 358 Regiam
802 303 980 345 infimari
1005 304 1287 345 Maiestatem.
1322 303 1433 354 Quid
1456 305 1568 346 enim
1590 305 1807 359 indignius

319 382 361 416 et
407 375 706 417 detestabilius
753 388 851 416 esse
898 381 1054 429 potest,
1101 388 1226 428 quam
1273 374 1326 417 de
1359 375 1430 417 illo
1470 377 1661 430 principe
1695 377 1807 418 male

320 447 493 498 sentire,
528 447 648 488 cuius
681 446 891 488 beneficio
924 447 967 487 in
999 446 1152 500 patria,
1185 447 1228 486 in
1259 446 1472 498 libertate,
1504 447 1548 487 in
1570 447 1809 489 orthodoxa

318 518 403 560 fide
435 524 526 559 tuto
559 518 753 566 vivimus,
786 518 854 559 cui
887 517 1071 570 denique
1105 517 1312 558 debemus
1346 531 1507 559 omnes.
1556 517 1808 571 Quicunque

318 590 511 631 veritatis
543 603 701 631 numen
745 589 923 630 laedunt
956 596 1029 631 aut
1061 590 1169 631 alios
1202 590 1376 631 laedere
1410 590 1641 644 patiuntur,
1680 591 1809 633 facile

318 661 614 716 periclitantur
646 667 688 703 et
719 662 763 702 in
785 661 1071 715 perniciosam
1095 661 1450 715 deperditamque
1481 668 1680 703 corruunt
1701 662 1810 704 ceci-

319 740 465 785 tatem,
516 733 607 774 sine
642 746 739 786 qua,
785 739 830 773 ut
875 732 998 774 divus
1035 732 1172 785 inquit
1216 732 1354 783 Plato,
1400 746 1525 774 nemo
1570 733 1808 774 mortalium

319 805 440 847 beari
483 810 640 859 potest.
686 804 854 845 Veritas
889 803 1000 844 enim
1045 817 1140 844 cum
1174 803 1269 854 diis,
1314 810 1403 844 tum
1435 804 1679 846 hominibus
1725 804 1810 846 dux

319 877 506 918 omnium
541 882 607 917 est
639 876 861 926 bonorum,
896 875 1016 916 cuius
1047 875 1118 927 qui
1149 874 1254 915 felix
1287 881 1328 915 et
1360 874 1515 916 beatus
1538 875 1705 917 futurus
1729 881 1809 926 est,

319 947 373 989 ab
406 948 533 989 inicio
567 947 709 989 statim
742 947 960 1001 particeps
993 958 1091 987 esse
1126 945 1268 987 debet.
1304 945 1430 995 Quod
1461 951 1507 986 ut
1539 953 1809 999 assequatur,

320 1019 563 1061 diuturnam
594 1019 638 1059 in
671 1019 851 1060 veritate
884 1018 1014 1059 vitam
1048 1023 1163 1070 agat.
1196 1017 1318 1057 lllum
1342 1017 1536 1071 plerique
1559 1018 1670 1059 male
1694 1018 1812 1060 suasi

320 1091 558 1144 principem
590 1091 867 1144 polygamum
886 1087 901 1109 ²
933 1088 1168 1136 nominant,
1219 1101 1302 1141 quo
1337 1089 1442 1129 nihil
1475 1089 1617 1130 adhuc
1650 1089 1811 1131 castius

320 1162 695 1214 continentiusque
729 1161 813 1202 dici
847 1166 1003 1214 potest.
1037 1159 1146 1201 Huic
1179 1160 1373 1213 profecto
1409 1160 1603 1212 Chryson
1636 1161 1812 1214 Ast-ylus

321 1239 363 1274 et
395 1233 676 1287 Dyopompus
720 1233 849 1273 facile
896 1231 1088 1280 cesserit,
1136 1231 1279 1284 quiin
1313 1238 1523 1286 perpetua
1567 1231 1812 1286 virginitate

319 1303 478 1353 vixere,
511 1304 611 1357 quin
644 1304 800 1345 Acrum
832 1303 1111 1344 Tarentinum
1144 1303 1272 1344 facile
1307 1303 1532 1357 superarit,
1577 1304 1648 1357 qui
1677 1310 1812 1345 certa-

320 1375 445 1417 minis
491 1375 690 1429 Olimpici
735 1375 875 1428 gratia
918 1388 1135 1427 nunquam
1179 1374 1391 1416 Venerem
1425 1375 1639 1428 cognovit.
1688 1375 1813 1417 Miso-

321 1445 521 1501 gamum3
554 1447 746 1488 nonnulli
768 1452 969 1500 reputant
998 1452 1040 1487 et
1067 1446 1351 1499 irreligiosum
1385 1446 1499 1499 quod
1532 1447 1585 1488 ab
1614 1446 1814 1488 infaustis

322 1524 364 1559 et
385 1519 601 1560 sterilibus
625 1519 887 1559 calamitosis
911 1518 1189 1560 matrimoniis
1218 1531 1264 1559 se
1284 1518 1546 1571 reglutinare
1567 1518 1812 1561 contendat.

322 1590 369 1630 In
402 1590 484 1631 hac
528 1603 669 1631 rerum
701 1590 840 1641 turba,
888 1596 1164 1631 sacrosancte
1197 1596 1333 1643 pater,
1380 1589 1653 1643 prudentiam
1697 1595 1813 1631 tuam

322 1661 501 1703 01111163Ἶ1ἰ
534 1662 809 1703 admirantur.
845 1661 1191 1714 Circumspectus
1226 1660 1338 1702 enim
1361 1667 1458 1703 tuus
1480 1660 1814 1714 haudquaquam

322 1732 635 1775 commovetur5
660 1734 840 1783 animus,
864 1733 937 1774 ubi
961 1739 1003 1774 et
1025 1732 1197 1785 quando
1222 1745 1330 1786 opus
1364 1738 1431 1774 est
1452 1733 1538 1774 levi
1560 1739 1602 1773 et
1625 1732 1815 1774 demissa

266 1835 269 1836 ν
324 1819 429 1847 voce
465 1812 619 1846 cuncta
640 1805 983 1846 adversariorum
1005 1804 1120 1846 dicta
1141 1804 1355 1855 confutas,
1383 1810 1636 1858 argumenta
1656 1804 1815 1858 promis

324 1877 471 1929 ardua,
504 1877 637 1930 Regis
670 1876 924 1930 dignitatem
959 1889 1053 1917 cum
1086 1876 1297 1917 modestia
1331 1888 1496 1916 summa
1526 1875 1739 1927 defendis,
1774 1882 1816 1916 et

322 1949 418 2003 plus
440 1949 618 1990 lenitate
640 1947 980 2000 remissioneque
1004 1947 1212 1989 sermonis
1236 1960 1362 2000 quam
1386 1947 1519 1988 ceteri
1541 1948 1815 1988 contentione

322 2019 506 2074 proficis
541 2019 590 2061 ld
621 2019 814 2061 veritatis
848 2032 1004 2060 numen
1038 2032 1088 2059 ac
1120 2018 1221 2059 fidei
1249 2018 1591 2073 prudentiaeque
1622 2024 1723 2060 tuae
1745 2018 1815 2059 tri-

323 2091 553 2133 buendum.
587 2091 677 2132 Nos
708 2091 836 2144 igitur
863 2104 952 2132 rem
974 2090 1219 2132 universam
1243 2104 1268 2131 a
1289 2090 1433 2130 multis
1454 2089 1609 2141 edocti,
1630 2103 1684 2130 ne
1708 2090 1815 2131 alios

322 2163 365 2203 in
402 2163 560 2203 crimen
604 2163 753 2203 laesae
799 2162 1037 2203 maiestatis
1083 2161 1240 2203 cadere
1285 2167 1543 2215 pateremur,
1589 2159 1816 2202 Wladislai

323 2234 454 2287 Regis
487 2234 740 2288 Apologiam
775 2234 1037 2288 scripsimus,
1070 2233 1360 2274 testimonium
1394 2232 1688 2286 perhibuimus
1705 2231 1816 2273 'veri-

324 2308 401 2346 tati
427 2319 538 2358 quae
560 2305 748 2347 iustitiae
773 2305 859 2346 dux
883 2311 959 2346 est.
992 2305 1046 2346 Et
1069 2310 1114 2345 ut
1136 2305 1272 2357 inquit
1302 2303 1515 2359 Orpheus,
1549 2317 1644 2345 cum
1665 2303 1740 2344 illa
1762 2303 1816 2345 sit

327 2469 539 2511 „Wladislai
559 2468 790 2504 Serenissimi
810 2469 991 2513 Ungariae
1011 2468 1233 2512 Boemieque
1251 2468 1365 2513 Regis
1383 2467 1603 2512 Apologia“.
1623 2467 1659 2501 A
1676 2467 1815 2508 szerzfi,

324 2529 362 2562 ki
389 2539 409 2562 a
442 2528 531 2563 Udis
556 2527 689 2573 (Οὐδείς
719 2529 835 2570 senki)
862 2527 969 2562 alnev
995 2529 1085 2563 alatt
1109 2528 1266 2572 rejto'zik
1292 2526 1331 2561 es
1359 2538 1506 2572 nagyon
1531 2526 1585 2571 jol
1609 2537 1681 2560 van
1706 2526 1816 2561 infor-

325 2589 455 2630 malva,
482 2590 559 2633 ugy
584 2588 711 2624 beszel
735 2588 910 2632 magar6L
938 2588 1076 2622 mintha
1104 2588 1275 2622 sohasem
1301 2588 1367 2622 lett
1385 2588 1493 2621 volna
1518 2586 1818 2631 Magyarorszagi

324 2648 416 2689 ban;
445 2649 591 2682 szamos
612 2651 729 2693 gorog
747 2647 787 2682 es
806 2648 895 2682 latin
913 2646 1055 2682 idezete
1074 2647 1183 2682 tudo's
1208 2647 1374 2681 szerztire
1395 2647 1478 2680 vall.
1505 2646 1547 2680 V.
1567 2648 1599 2680 ὃ.
1621 2645 1683 2679 fol.
1704 2646 1814 2679 121b:

325 2707 390 2741 Illa
416 2708 590 2751 imprimis
617 2708 705 2742 mihi
743 2708 930 2749 succurrit,
970 2718 1078 2752 quam
1118 2707 1163 2740 ab
1191 2706 1345 2751 Ungaris
1386 2705 1534 2749 saepius
1562 2705 1697 2749 accepi,
1735 2714 1816 2739 cum

325 2777 509 2810 nunquam
534 2767 570 2801 in
596 2767 785 2801 Pannonia
810 2767 950 2802 fuerim.

446 2825 456 2845 ¹
483 2827 576 2870 phas
607 2827 643 2861 Ο.
683 2826 695 2845 2
721 2828 946 2872 polyganum
968 2825 1004 2860 G.
1044 2826 1057 2845 ²³
1083 2825 1314 2868 misoganum
1337 2824 1371 2859 Ο.
1411 2825 1425 2844 4
1451 2824 1568 2858 omnis
1599 2823 1635 2858 C.
1682 2822 1694 2841 ⁵
1721 2833 1816 2857 com-

326 2888 493 2920 monetur
523 2885 560 2920 C.
