1955 3278
372 162 439 194 18⁴5

371 304 405 346 O
440 318 507 346 me
553 305 767 346 hominem
813 305 1069 351 infoelicem,
1114 306 1207 359 quis
1248 320 1312 347 me
1358 305 1557 346 liberabit
1591 305 1644 347 de
1684 318 1861 359 corpore

370 376 516 417 mortis
550 375 711 416 huius'?
765 376 830 416 An
863 388 948 417 non
991 376 1140 417 merito
1175 377 1236 418 sic
1270 377 1481 419 exclamet
1526 376 1597 429 qui
1629 383 1715 417 tam
1756 375 1863 417 dura

371 447 633 488 necessitate
666 447 883 500 premitur,
919 447 990 499 qui
1023 454 1143 488 tanta
1176 448 1317 489 carnis
1350 448 1461 489 mole
1500 453 1715 501 gravatur,
1762 460 1861 489 caro

371 519 483 558 enim
530 524 590 559 tot
629 518 870 569 affectibus,
916 524 977 559 tot
1010 519 1144 571 viciis,
1192 526 1252 561 tot
1299 519 1454 574 pugnis
1499 519 1685 560 obnoxia
1728 520 1862 573 capti-

370 596 512 630 vatam
559 589 744 630 animam
790 589 845 630 ad
894 596 1114 631 aeternam
1162 592 1308 632 mortis
1357 590 1605 632 servitutem
1653 597 1862 644 perpetuo

371 661 542 702 trahere
576 661 756 702 molitur.
807 660 900 710 Quo
933 661 1123 716 periculo
1158 663 1237 703 soli
1280 662 1404 703 liberi
1439 668 1549 713 sunt,
1592 661 1662 714 qui
1696 675 1749 703 ex
1781 661 1863 703 hoc

371 732 684 786 lachrymarum
730 733 840 773 valle
887 733 1110 786 emigrant,
1157 733 1340 786 migrant
1386 739 1542 783 autem,
1588 746 1673 773 non
1714 733 1863 774 emori-

371 810 498 844 untur
530 809 575 844 ut
621 803 864 845 Christiana
908 804 1057 845 imbuti
1090 803 1173 845 fide
1221 805 1568 846 constantissime
1601 803 1861 858 profitemur.

370 875 555 929 Expleto
590 888 761 928 nanque
797 889 900 928 erga
934 875 1060 917 deum
1093 875 1236 918 brevis
1271 876 1441 918 servicii
1472 882 1679 930 tempore,
1720 882 1863 918 manet

372 959 450 987 nos
484 959 692 988 summum
726 946 986 1000 stipendium
1018 947 1361 999 immortalitatis,
1397 961 1539 1000 quum,
1583 954 1628 988 ut
1660 948 1862 1002 scriptum

372 1024 450 1069 est,
485 1018 527 1058 in
561 1024 781 1059 aeternam
814 1018 911 1058 ituri
945 1025 1043 1059 sunt
1080 1019 1221 1069 vitam,
1258 1019 1328 1071 qui
1360 1018 1474 1060 bona
1507 1025 1699 1072 egerunt.
1751 1018 1864 1069 Qua-

372 1095 546 1143 propter
578 1103 661 1130 non
705 1089 979 1143 plangendus
1026 1089 1404 1144 depraehenditur,
1452 1090 1522 1143 qui
1555 1090 1679 1131 huius
1718 1090 1865 1132 mundi

372 1161 467 1202 luce
512 1160 639 1202 fuerit
683 1161 890 1215 privatus,
938 1161 1015 1203 sed
1060 1162 1363 1215 gratulandum
1410 1168 1451 1203 et
1495 1162 1645 1216 pocius
1692 1161 1806 1215 quod
1841 1175 1864 1203 e

372 1237 491 1273 tanto
524 1231 770 1273 fluctuantis
816 1233 979 1274 saeculi
1023 1233 1191 1275 turbine
1225 1233 1279 1274 ad
1313 1233 1622 1286 quietissimum
1661 1239 1864 1276 aeternae

372 1303 486 1344 vitae
520 1303 741 1344 emerserit
774 1310 955 1357 portum.
1001 1305 1275 1346 Demittimur
1307 1305 1420 1345 hunc
1453 1304 1495 1345 in
1523 1304 1725 1346 mundum
1758 1318 1864 1346 mer-

373 1375 534 1416 cenarii
579 1382 707 1427 atque
753 1375 1053 1428 negociatores
1086 1382 1131 1417 ut
1165 1376 1436 1418 Christianae
1475 1376 1671 1418 iusticiae
1704 1389 1865 1418 merce-

372 1460 465 1487 mur
508 1446 684 1498 lucrum,
734 1460 816 1499 quo
862 1447 1004 1488 onusti
1048 1448 1102 1489 ab
1141 1448 1266 1489 huius
1313 1448 1474 1490 saeculi
1518 1447 1864 1502 peregrinatione

373 1518 427 1558 ad
461 1518 577 1558 illam
611 1518 725 1559 unde
759 1518 877 1559 missi
911 1532 1056 1560 sumus
1090 1533 1234 1561 veram
1267 1520 1450 1574 patriam
1483 1520 1585 1561 laeti
1612 1533 1662 1561 ac
1684 1519 1865 1560 foelices

372 1596 645 1631 revertamur.
695 1590 861 1644 Nempe
896 1591 1098 1643 quamdiu
1131 1591 1244 1633 hunc
1282 1591 1485 1632 mundum
1518 1591 1807 1632 inhabitamus
1841 1603 1867 1631 3

373 1661 551 1702 caelesti
589 1662 729 1715 patria
762 1663 911 1703 exules
944 1662 1277 1717 peregrinamur.
1326 1663 1362 1704 A
1396 1676 1480 1715 qua
1518 1662 1864 1717 peregrinatione

374 1732 570 1773 dominus
619 1734 766 1787 procul
810 1733 939 1775 dubio
983 1734 1101 1775 illum
1148 1734 1322 1775 fratrem
1370 1739 1557 1775 vestrum
1605 1733 1866 1788 postliminio

374 1804 605 1855 revocavit,
640 1810 682 1845 et
713 1804 755 1845 id
790 1805 962 1857 quidem
995 1805 1159 1858 absque
1206 1819 1325 1846 mora
1357 1819 1410 1846 ne
1445 1805 1526 1846 hoc
1561 1805 1724 1846 lucrum
1768 1817 1866 1846 cen-

372 1882 472 1916 teno
505 1875 683 1917 foenore
715 1876 1023 1930 locupletatum
1058 1877 1210 1930 quavis
1243 1890 1409 1918 rursum
1443 1877 1607 1917 incuria
1638 1876 1865 1918 amitteret.

374 1946 498 1996 Quod
546 1961 631 1988 non
682 1947 790 1997 dice,
842 1947 955 2001 quod
1002 1953 1147 2002 putem
1197 1948 1232 1989 si
1281 1948 1447 1989 diucius
1494 1948 1537 1988 in
1582 1948 1664 1989 hoc
1708 1947 1866 1988 mundo

374 2018 551 2059 vixisset
585 2018 841 2060 deteriorem
874 2019 990 2060 illum
1023 2019 1224 2071 futurum,
1260 2018 1338 2060 sed
1371 2019 1485 2071 quod
1519 2019 1635 2073 apud
1665 2019 1867 2060 mortales

373 2090 619 2142 gratissima
672 2103 868 2143 quaeque
917 2096 1132 2132 vetustate
1183 2090 1362 2131 diminui
1411 2090 1724 2132 consveverint.
1778 2090 1866 2131 Iam

374 2160 530 2202 etenim
564 2174 754 2214 eousque
788 2167 1075 2216 processerat,
1110 2168 1155 2202 ut
1188 2168 1306 2203 esset
1339 2161 1393 2203 ad
1415 2176 1600 2215 ungvem
1632 2161 1867 2216 perfectus,

374 2245 528 2285 nempe
580 2233 781 2274 virtutum
828 2233 1162 2287 stipatissimus;
1221 2240 1350 2286 atque
1403 2233 1585 2274 maxime
1639 2233 1866 2275 adamatus

374 2303 428 2344 ab
462 2303 672 2345 omnibus.
722 2304 897 2345 Vixerat
929 2304 972 2345 in
1006 2317 1134 2346 carne
1168 2318 1252 2346 non
1295 2304 1529 2346 secundum
1563 2317 1736 2346 carnem
1768 2303 1865 2345 ideo

374 2381 417 2416 et
445 2374 587 2415 anima
621 2374 712 2415 eius
746 2375 827 2416 deo
861 2375 1035 2429 placuit,
1069 2376 1140 2428 qui
1174 2390 1282 2426 eam,
1318 2376 1417 2428 quia
1450 2375 1642 2427 dederat,
1677 2375 1865 2416 abstulit.

372 2445 463 2487 Nec
496 2445 548 2487 ob
591 2445 635 2487 id
678 2446 864 2487 alienum
905 2447 1056 2488 tulisse
1096 2447 1350 2501 culpandus,
1400 2447 1498 2500 quia
1530 2447 1695 2501 recepit
1731 2460 1866 2487 suum.

372 2517 548 2557 Animas
595 2517 752 2571 quippe
792 2524 962 2559 nostras
997 2517 1204 2559 debemus
1238 2518 1332 2569 deo,
1375 2531 1481 2571 quos
1514 2524 1742 2572 postquam
1773 2518 1868 2571 ipse

373 2587 558 2629 creditor
580 2589 825 2642 poposcerit
852 2588 1101 2630 reddendae
1126 2595 1223 2629 sunt
1257 2595 1298 2629 et
1327 2602 1419 2630 cum
1444 2589 1675 2642 gratiarum
1699 2588 1867 2630 actione

373 2673 426 2700 ne
449 2658 767 2711 ingratitudinis
795 2673 1036 2712 arguamur,
1060 2659 1169 2701 vicio
1195 2673 1276 2712 quo
1310 2674 1395 2701 non
1430 2659 1579 2700 tetrius
1602 2659 1732 2700 ullum
1756 2665 1869 2700 terra

374 2730 489 2771 aluit.
524 2730 613 2771 Hoc
647 2730 786 2784 ipsum
820 2731 908 2781 Iob,
944 2744 1089 2771 verum
1123 2731 1368 2785 pacientiae
1403 2731 1622 2784 exemplar
1644 2730 1868 2781 factitavit,

375 2801 445 2853 qui
481 2801 523 2841 in
567 2800 703 2841 omnis
748 2802 1014 2842 substantiae
1057 2802 1335 2843 ammissione
1369 2802 1473 2842 nihil
1507 2801 1681 2842 stultum
1722 2806 1870 2842 contra

376 2872 503 2913 deum
532 2878 597 2914 est
626 2873 808 2924 locutus,
840 2872 917 2914 sed
948 2873 1008 2914 sic
1039 2872 1233 2914 adoravit
1267 2880 1308 2914 et
1342 2873 1457 2914 dixit.
1493 2872 1702 2914 Dominus
1736 2870 1868 2921 dedit,

371 2943 567 2984 dominus
600 2944 790 2994 abstulit,
831 2944 941 2985 sicut
975 2944 1144 2985 domino
1182 2944 1356 2997 placuit,
1397 2944 1456 2984 ita
1498 2943 1657 2985 factum
1701 2949 1780 2993 est,
1815 2943 1870 2983 sit
