1955 3278
1519 127 1585 159 211

102 270 232 311 laude
266 271 599 321 memorandum,
635 271 745 324 quod
780 272 833 312 ob
868 270 1125 325 singularem
1160 276 1274 310 tuam
1304 269 1587 322 prudentiam.

105 342 148 382 in
183 342 365 382 maxima
401 355 447 382 es
482 342 604 382 sicuti
637 343 785 382 merito
815 355 911 383 esse
942 342 1088 387 debes
1124 340 1436 381 existimatione
1460 346 1587 392 atque

106 412 373 461 311010111310,
420 412 533 466 apud
567 413 901 453 sacratissimum
936 420 977 453 et
1011 412 1122 452 omni
1156 425 1249 452 cum
1296 412 1454 451 honore
1487 410 1589 451 mihi

106 483 409 524 nominandum
442 484 603 536 Regem
636 483 917 524 Wladislaum
951 483 1021 535 qui
1044 482 1174 535 regiis
1204 482 1441 526 virtutibus,
1467 482 1589 534 quasi

106 561 354 607 compactus
388 559 430 594 et
463 554 781 607 conglutinatus
815 554 991 595 duorum
1015 566 1239 606 regnorum
1274 553 1522 594 Pannoniae
1547 560 1588 593 et

105 625 307 665 Boemiae
340 625 534 665 habenas
569 625 788 678 sapienter
809 631 851 665 et
879 624 1104 665 salubriter
1127 623 1380 664 moderatur.
1416 625 1483 665 cni
1504 639 1587 666 non

105 708 231 737 secus
265 709 315 736 ac
359 695 544 736 Traiano
579 695 700 735 alteri
747 702 1075 747 cognomentum
1121 694 1267 747 optimi
1300 696 1456 747 optime
1490 709 1587 736 0011-

104 767 228 820 gruit,
276 767 346 818 qui
378 774 420 806 te
454 779 504 806 ex
539 767 626 806 suis
660 766 869 817 omnibus,
916 773 1062 819 utpote
1099 778 1288 806 summae
1334 765 1586 819 prudentiae

104 838 346 878 Antistitem
400 837 480 878 sibi
528 838 671 891 elegit,
721 838 788 879 cui
835 851 992 879 arcana
1039 838 1334 884 committeret,
1383 840 1586 891 regnique

104 909 353 949 Pannoniae
388 909 562 961 negotia
596 922 831 962 permagna
877 909 1169 959 concrederet,
1205 922 1328 961 quem
1363 910 1586 963 superiori-

103 981 183 1021 bus
207 980 331 1020 annis
355 980 410 1020 ad
442 979 765 1021 invictissimum
796 981 1094 1033 imperatorem
1130 980 1461 1021 Maximilianum
1483 994 1585 1021 nun-

100 1052 213 1092 cium
261 1051 536 1103 legatumque
585 1051 924 1091 sollertissimum
979 1058 1043 1091 est
1093 1057 1306 1103 expertus.
1361 1052 1425 1091 Tu
1473 1052 1585 1105 apud

103 1127 337 1162 summates
381 1134 529 1162 omnes
577 1129 618 1162 01
661 1135 860 1175 proceres
908 1122 1082 1172 aulicos7
1129 1135 1203 1175 pro
1238 1135 1289 1162 03
1322 1136 1405 1174 qua
1450 1123 1586 1176 polles

102 1193 257 1234 virtute
292 1200 334 1233 et
367 1192 563 1233 amabilis
608 1199 736 1245 atque
770 1193 1041 1243 venerabilis,
1088 1193 1415 1234 mansuetudine
1448 1197 1585 1242 nemo,

103 1277 227 1304 nemo
261 1270 302 1304 te
336 1263 592 1304 liberalitate
637 1264 778 1305 vincit.
814 1265 991 1305 Possem
1026 1264 1292 1309 clementiae,
1340 1277 1511 1317 possem
1545 1272 1587 1305 et

103 1335 419 1376 munificentiae
453 1342 551 1375 11130
585 1335 778 1388 ingentia
806 1349 1032 1377 recensere
1067 1348 1212 1389 opera,
1245 1336 1288 1375 ni
1322 1349 1373 1376 ea
1407 1336 1587 1377 clariora

102 1406 394 1459 amplioraque
444 1413 590 1446 essent
638 1419 763 1458 quam
808 1419 882 1459 pro
930 1406 1222 1459 magnitudine
1272 1420 1349 1447 sua
1394 1408 1584 1448 oratione

99 1483 463 1529 quantuncunque
509 1476 637 1517 docta
676 1483 717 1517 et
750 1483 901 1517 ornata
943 1477 1146 1530 explicari
1178 1478 1356 1530 possint.
1413 1477 1499 1518 Sed
1532 1491 1584 1518 ne

101 1547 199 1589 ficte
248 1547 442 1600 cuiquam
492 1548 804 1601 Panegyricum
850 1554 995 1589 texere
1044 1548 1204 1597 videar,
1249 1548 1413 1600 reliqua
1459 1562 1582 1601 qnam

101 1618 325 1659 verissima
374 1619 573 1659 virtutum
622 1626 787 1659 tuarum
838 1619 1070 1672 praeconia
1121 1619 1277 1659 tacitus
1327 1620 1584 1672 praeteribo,

97 1703 211 1742 quae
234 1696 377 1731 tamen
411 1691 447 1730 si
468 1696 622 1731 cuncta
649 1703 931 1740 recenserem,
966 1691 1034 1731 vel
1065 1690 1217 1731 saltem
1249 1703 1413 1731 summa
1436 1704 1585 1743 seque-

102 1775 170 1802 rer
215 1761 392 1814 fastigia
438 1775 591 1811 10111111,
641 1768 740 1802 31110
790 1761 901 1802 diem
951 1762 1097 1803 clauso
1146 1761 1382 1815 composuit
1431 1775 1586 1815 vesper

97 1827 320 1886 01γ111110.1
371 1833 460 1873 13111
492 1833 620 1886 igitur
652 1833 843 1886 receptui
884 1846 1034 1874 canam
1068 1839 1195 1885 atque
1229 1833 1309 1873 hoc
1343 1833 1466 1874 unico
1511 1833 1583 1873 ad-

100 1903 210 1944 iecto
244 1903 415 1945 dicendi
447 1903 575 1944 finem
607 1903 776 1945 faciam.
826 1904 1225 1945 Excellentissimus
1269 1904 1584 1945 sacratissimae

100 1974 367 2027 Theologiae
401 1975 562 2025 doctor,
598 1976 731 2016 nostri
763 1975 958 2016 litterarii
993 1975 1119 2016 studii
1147 1981 1286 2016 rector
1319 1975 1583 2027 magnificus,

96 2046 347 2098 caeterique
362 2044 376 2067 ²
409 2046 671 2100 singularum
696 2046 949 2087 facultatum
973 2046 1183 2097 doctores,
1218 2046 1409 2099 magistri
1432 2046 1584 2087 bacca-

100 2115 234 2156 laurei
267 2122 486 2169 totumque
520 2123 709 2158 nostrum
747 2117 1037 2170 Gymnasium,
1073 2117 1362 2171 amplissimae
1387 2117 1587 2170 dignitati

99 2186 235 2237 tiiae‚⁵
267 2188 438 2240 praesul
472 2188 847 2237 reverendissime,
895 2200 992 2228 sese
1029 2187 1340 2233 commendant,
1382 2194 1585 2241 rogantes

100 2264 146 2297 ut
179 2258 361 2299 eandem
395 2272 420 2299 a
446 2264 520 2299 tua
554 2259 714 2312 pietate
750 2272 874 2311 quam
910 2264 952 2299 et
976 2258 1029 2299 ab
1052 2258 1146 2299 aliis
1169 2258 1432 2312 principibus
1456 2259 1584 2299 bene-

99 2329 331 2370 volentiam
377 2330 662 2383 experiantur,
702 2330 783 2371 hoc
823 2336 888 2370 est
920 2336 965 2370 ut
1006 2343 1147 2370 eorum
1195 2329 1246 2370 de
1280 2336 1352 2370 tuo
1398 2329 1585 2370 adventu

102 2400 331 2452 gratulatio
378 2400 492 2454 apud
528 2400 778 2453 dignitatem
812 2407 941 2450 tuam,
974 2401 1165 2441 Antistes
1211 2400 1585 2447 excellentissime,

100 2478 225 2523 grata
258 2480 300 2511 et
333 2477 513 2525 accepta
547 2472 610 2512 sit.

782 2541 904 2583 Dixi.

220 2763 228 2782 ¹
259 2763 407 2807 olimpo.
458 2763 470 2782 '²
522 2765 730 2808 caetiriquc.
785 2765 797 2783 ³
826 2765 1049 2808 amplissime
1076 2765 1109 2798 d.
1136 2768 1234 2799 tuoe.

1373 2977 1436 3009 14*
