<?xml version="1.0" encoding="UTF-8"?>
<!DOCTYPE html PUBLIC "-//W3C//DTD XHTML 1.0 Transitional//EN"
    "http://www.w3.org/TR/xhtml1/DTD/xhtml1-transitional.dtd">
<html xmlns="http://www.w3.org/1999/xhtml" xml:lang="en" lang="en">
 <head>
  <title>
</title>
<meta http-equiv="Content-Type" content="text/html;charset=utf-8" />
  <meta name='ocr-system' content='tesseract 3.04.00' />
  <meta name='ocr-capabilities' content='ocr_page ocr_carea ocr_par ocr_line ocrx_word'/>
</head>
<body>
  <div class='ocr_page' id='page_1' title='image "analectanovaadhi00beuoft_0355.png"; bbox 0 0 1955 3278; ppageno 0'>
   <div class='ocr_carea' id='block_1_1' title="bbox 84 500 154 536">
    <p class='ocr_par' dir='ltr' id='par_1_1' title="bbox 84 500 154 536">
     <span class='ocr_line' id='line_1_1' title="bbox 84 500 154 536; baseline -0.014 0"><span class='ocrx_word' id='word_1_1' title='bbox 84 500 154 536; x_wconf 90' lang='lat'>885</span> 
     </span>
    </p>
   </div>
   <div class='ocr_carea' id='block_1_2' title="bbox 86 855 158 890">
    <p class='ocr_par' dir='ltr' id='par_1_2' title="bbox 86 855 158 890">
     <span class='ocr_line' id='line_1_2' title="bbox 86 855 158 890; baseline -0.014 0"><span class='ocrx_word' id='word_1_2' title='bbox 86 855 158 890; x_wconf 91' lang='lat'>890</span> 
     </span>
    </p>
   </div>
   <div class='ocr_carea' id='block_1_3' title="bbox 88 1210 160 1244">
    <p class='ocr_par' dir='ltr' id='par_1_3' title="bbox 88 1210 160 1244">
     <span class='ocr_line' id='line_1_3' title="bbox 88 1210 160 1244; baseline -0.014 0"><span class='ocrx_word' id='word_1_3' title='bbox 88 1210 160 1244; x_wconf 89' lang='lat'>895</span> 
     </span>
    </p>
   </div>
   <div class='ocr_carea' id='block_1_4' title="bbox 92 1566 164 1602">
    <p class='ocr_par' dir='ltr' id='par_1_4' title="bbox 92 1566 164 1602">
     <span class='ocr_line' id='line_1_4' title="bbox 92 1566 164 1602; baseline 0.028 -2"><span class='ocrx_word' id='word_1_4' title='bbox 92 1566 164 1602; x_wconf 87' lang='lat'>900</span> 
     </span>
    </p>
   </div>
   <div class='ocr_carea' id='block_1_5' title="bbox 94 1922 166 1958">
    <p class='ocr_par' dir='ltr' id='par_1_5' title="bbox 94 1922 166 1958">
     <span class='ocr_line' id='line_1_5' title="bbox 94 1922 166 1958; baseline -0.028 0"><span class='ocrx_word' id='word_1_5' title='bbox 94 1922 166 1958; x_wconf 86' lang='lat'>905</span> 
     </span>
    </p>
   </div>
   <div class='ocr_carea' id='block_1_6' title="bbox 97 2277 169 2311">
    <p class='ocr_par' dir='ltr' id='par_1_6' title="bbox 97 2277 169 2311">
     <span class='ocr_line' id='line_1_6' title="bbox 97 2277 169 2311; baseline 0 0"><span class='ocrx_word' id='word_1_6' title='bbox 97 2277 169 2311; x_wconf 71' lang='lat'>910</span> 
     </span>
    </p>
   </div>
   <div class='ocr_carea' id='block_1_7' title="bbox 100 2632 172 2667">
    <p class='ocr_par' dir='ltr' id='par_1_7' title="bbox 100 2632 172 2667">
     <span class='ocr_line' id='line_1_7' title="bbox 100 2632 172 2667; baseline 0.014 -1"><span class='ocrx_word' id='word_1_7' title='bbox 100 2632 172 2667; x_wconf 76' lang='lat'>915</span> 
     </span>
    </p>
   </div>
   <div class='ocr_carea' id='block_1_8' title="bbox 1499 130 1566 165">
    <p class='ocr_par' dir='ltr' id='par_1_8' title="bbox 1499 130 1566 165">
     <span class='ocr_line' id='line_1_8' title="bbox 1499 130 1566 165; baseline 0.03 -2"><span class='ocrx_word' id='word_1_8' title='bbox 1499 130 1566 165; x_wconf 80' lang='lat'>321</span> 
     </span>
    </p>
   </div>
   <div class='ocr_carea' id='block_1_9' title="bbox 231 276 1557 2959">
    <p class='ocr_par' dir='ltr' id='par_1_9' title="bbox 231 276 1461 1182">
     <span class='ocr_line' id='line_1_9' title="bbox 231 276 1369 320; baseline -0.002 0"><span class='ocrx_word' id='word_1_9' title='bbox 231 278 418 320; x_wconf 83' lang='lat' dir='ltr'>Vocibus</span> <span class='ocrx_word' id='word_1_10' title='bbox 452 279 564 319; x_wconf 85' lang='lat' dir='ltr'>alma</span> <span class='ocrx_word' id='word_1_11' title='bbox 595 277 742 318; x_wconf 89' lang='lat' dir='ltr'>virum.</span> <span class='ocrx_word' id='word_1_12' title='bbox 776 276 943 317; x_wconf 89' lang='lat' dir='ltr'>Poteris</span> <span class='ocrx_word' id='word_1_13' title='bbox 975 290 1088 318; x_wconf 90' lang='lat' dir='ltr'>nunc</span> <span class='ocrx_word' id='word_1_14' title='bbox 1119 277 1228 319; x_wconf 91' lang='lat' dir='ltr'>Urse</span> <span class='ocrx_word' id='word_1_15' title='bbox 1260 277 1369 318; x_wconf 86' lang='lat' dir='ltr'>tueri</span> 
     </span>
     <span class='ocr_line' id='line_1_10' title="bbox 234 346 1428 402; baseline 0 -13"><span class='ocrx_word' id='word_1_16' title='bbox 234 348 346 399; x_wconf 83' lang='lat' dir='ltr'>Quid</span> <span class='ocrx_word' id='word_1_17' title='bbox 369 354 536 402; x_wconf 79' lang='lat' dir='ltr'>spectet</span> <span class='ocrx_word' id='word_1_18' title='bbox 570 347 755 401; x_wconf 73' lang='lat' dir='ltr'>Phrygio</span> <span class='ocrx_word' id='word_1_19' title='bbox 778 347 909 400; x_wconf 80' lang='lat' dir='ltr'>genti,</span> <span class='ocrx_word' id='word_1_20' title='bbox 943 346 1181 400; x_wconf 87' lang='lat' dir='ltr'>validisque</span> <span class='ocrx_word' id='word_1_21' title='bbox 1214 348 1428 389; x_wconf 89' lang='lat' dir='ltr'>Bohemis.</span> 
     </span>
     <span class='ocr_line' id='line_1_11' title="bbox 232 417 1448 472; baseline -0.002 -12"><span class='ocrx_word' id='word_1_22' title='bbox 232 419 372 472; x_wconf 81' lang='lat' dir='ltr'>Perge</span> <span class='ocrx_word' id='word_1_23' title='bbox 396 432 552 471; x_wconf 89' lang='lat' dir='ltr'>sequar</span> <span class='ocrx_word' id='word_1_24' title='bbox 573 418 805 471; x_wconf 85' lang='lat' dir='ltr'>nigrasque</span> <span class='ocrx_word' id='word_1_25' title='bbox 839 417 989 458; x_wconf 91' lang='lat' dir='ltr'>domus</span> <span class='ocrx_word' id='word_1_26' title='bbox 1022 417 1317 460; x_wconf 83' lang='lat' dir='ltr'><strong>comitabimur</strong></span> <span class='ocrx_word' id='word_1_27' title='bbox 1339 417 1448 459; x_wconf 91' lang='lat' dir='ltr'>Orci.</span> 
     </span>
     <span class='ocr_line' id='line_1_12' title="bbox 233 488 1461 543; baseline -0.001 -12"><span class='ocrx_word' id='word_1_28' title='bbox 233 489 354 531; x_wconf 86' lang='lat' dir='ltr'>Vade</span> <span class='ocrx_word' id='word_1_29' title='bbox 378 503 529 543; x_wconf 80' lang='lat' dir='ltr'>precor</span> <span class='ocrx_word' id='word_1_30' title='bbox 551 502 629 530; x_wconf 92' lang='lat' dir='ltr'>nos</span> <span class='ocrx_word' id='word_1_31' title='bbox 652 488 751 530; x_wconf 91' lang='lat' dir='ltr'>diva</span> <span class='ocrx_word' id='word_1_32' title='bbox 770 501 907 539; x_wconf 92' lang='lat' dir='ltr'>mone,</span> <span class='ocrx_word' id='word_1_33' title='bbox 932 502 1092 542; x_wconf 88' lang='lat' dir='ltr'>perque</span> <span class='ocrx_word' id='word_1_34' title='bbox 1116 494 1238 530; x_wconf 87' lang='lat' dir='ltr'>antra</span> <span class='ocrx_word' id='word_1_35' title='bbox 1260 488 1461 530; x_wconf 82' lang='lat' dir='ltr'>triformis</span> 
     </span>
     <span class='ocr_line' id='line_1_13' title="bbox 232 559 1388 612; baseline -0.001 -10"><span class='ocrx_word' id='word_1_36' title='bbox 232 561 299 602; x_wconf 89' lang='lat' dir='ltr'>Ire</span> <span class='ocrx_word' id='word_1_37' title='bbox 330 560 424 612; x_wconf 80' lang='lat' dir='ltr'>feri⁷</span> <span class='ocrx_word' id='word_1_38' title='bbox 457 566 598 601; x_wconf 91' lang='lat' dir='ltr'>metuo</span> <span class='ocrx_word' id='word_1_39' title='bbox 631 560 715 600; x_wconf 88' lang='lat' dir='ltr'>iam</span> <span class='ocrx_word' id='word_1_40' title='bbox 747 559 832 600; x_wconf 88' lang='lat' dir='ltr'>iam</span> <span class='ocrx_word' id='word_1_41' title='bbox 866 559 1197 601; x_wconf 78' lang='lat' dir='ltr'>adventantibus</span> <span class='ocrx_word' id='word_1_42' title='bbox 1228 560 1388 601; x_wconf 91' lang='lat' dir='ltr'>umbris</span> 
     </span>
     <span class='ocr_line' id='line_1_14' title="bbox 233 630 1325 683; baseline -0.001 -11"><span class='ocrx_word' id='word_1_43' title='bbox 233 631 336 672; x_wconf 92' lang='lat' dir='ltr'>Plus</span> <span class='ocrx_word' id='word_1_44' title='bbox 369 643 537 683; x_wconf 88' lang='lat' dir='ltr'>nequeo</span> <span class='ocrx_word' id='word_1_45' title='bbox 572 630 741 672; x_wconf 89' lang='lat' dir='ltr'>differre</span> <span class='ocrx_word' id='word_1_46' title='bbox 774 643 928 681; x_wconf 87' lang='lat' dir='ltr'>moras,</span> <span class='ocrx_word' id='word_1_47' title='bbox 964 630 1125 672; x_wconf 86' lang='lat' dir='ltr'>infesta</span> <span class='ocrx_word' id='word_1_48' title='bbox 1155 631 1325 672; x_wconf 79' lang='lat' dir='ltr'>trifauci</span> 
     </span>
     <span class='ocr_line' id='line_1_15' title="bbox 236 701 1346 755; baseline -0.001 -12"><span class='ocrx_word' id='word_1_49' title='bbox 236 701 375 743; x_wconf 84' lang='lat' dir='ltr'>Currit</span> <span class='ocrx_word' id='word_1_50' title='bbox 407 701 545 743; x_wconf 91' lang='lat' dir='ltr'>amica</span> <span class='ocrx_word' id='word_1_51' title='bbox 577 701 684 753; x_wconf 81' lang='lat' dir='ltr'>dies,</span> <span class='ocrx_word' id='word_1_52' title='bbox 719 701 851 743; x_wconf 88' lang='lat' dir='ltr'>cicius</span> <span class='ocrx_word' id='word_1_53' title='bbox 885 702 940 743; x_wconf 93' lang='lat' dir='ltr'>da</span> <span class='ocrx_word' id='word_1_54' title='bbox 972 715 1151 743; x_wconf 91' lang='lat' dir='ltr'>noscere</span> <span class='ocrx_word' id='word_1_55' title='bbox 1184 702 1346 755; x_wconf 88' lang='lat' dir='ltr'>prolem</span> 
     </span>
     <span class='ocr_line' id='line_1_16' title="bbox 236 772 1342 827; baseline 0.001 -14"><span class='ocrx_word' id='word_1_56' title='bbox 236 773 469 814; x_wconf 90' lang='lat' dir='ltr'>Venturam</span> <span class='ocrx_word' id='word_1_57' title='bbox 504 772 694 814; x_wconf 88' lang='lat' dir='ltr'>Cumana</span> <span class='ocrx_word' id='word_1_58' title='bbox 726 772 841 824; x_wconf 83' lang='lat' dir='ltr'>mihi,</span> <span class='ocrx_word' id='word_1_59' title='bbox 875 773 1134 826; x_wconf 89' lang='lat' dir='ltr'>multumque</span> <span class='ocrx_word' id='word_1_60' title='bbox 1169 773 1342 827; x_wconf 90' lang='lat' dir='ltr'>superbi</span> 
     </span>
     <span class='ocr_line' id='line_1_17' title="bbox 235 843 1417 897; baseline 0 -13"><span class='ocrx_word' id='word_1_61' title='bbox 235 843 460 897; x_wconf 89' lang='lat' dir='ltr'>Principis,</span> <span class='ocrx_word' id='word_1_62' title='bbox 494 843 538 884; x_wconf 90' lang='lat' dir='ltr'>hi</span> <span class='ocrx_word' id='word_1_63' title='bbox 571 843 743 897; x_wconf 88' lang='lat' dir='ltr'>cupiunt</span> <span class='ocrx_word' id='word_1_64' title='bbox 776 850 922 897; x_wconf 90' lang='lat' dir='ltr'>patres</span> <span class='ocrx_word' id='word_1_65' title='bbox 955 857 1212 886; x_wconf 89' lang='lat' dir='ltr'>concernere</span> <span class='ocrx_word' id='word_1_66' title='bbox 1246 843 1417 885; x_wconf 90' lang='lat' dir='ltr'>dudum.</span> 
     </span>
     <span class='ocr_line' id='line_1_18' title="bbox 237 914 1434 970; baseline 0 -14"><span class='ocrx_word' id='word_1_67' title='bbox 237 916 358 956; x_wconf 88' lang='lat' dir='ltr'>Tunc</span> <span class='ocrx_word' id='word_1_68' title='bbox 390 915 546 958; x_wconf 90' lang='lat' dir='ltr'>Ursum</span> <span class='ocrx_word' id='word_1_69' title='bbox 579 914 730 955; x_wconf 77' lang='lat' dir='ltr'>dextra</span> <span class='ocrx_word' id='word_1_70' title='bbox 752 921 873 957; x_wconf 86' lang='lat' dir='ltr'>vates</span> <span class='ocrx_word' id='word_1_71' title='bbox 897 916 1024 970; x_wconf 81' lang='lat' dir='ltr'>capit,</span> <span class='ocrx_word' id='word_1_72' title='bbox 1057 915 1254 968; x_wconf 88' lang='lat' dir='ltr'>almaque</span> <span class='ocrx_word' id='word_1_73' title='bbox 1287 915 1434 956; x_wconf 86' lang='lat' dir='ltr'>Ianum</span> 
     </span>
     <span class='ocr_line' id='line_1_19' title="bbox 240 985 1326 1040; baseline -0.001 -13"><span class='ocrx_word' id='word_1_74' title='bbox 240 985 457 1028; x_wconf 88' lang='lat' dir='ltr'>Convocat</span> <span class='ocrx_word' id='word_1_75' title='bbox 491 986 727 1040; x_wconf 82' lang='lat' dir='ltr'>egregium,</span> <span class='ocrx_word' id='word_1_76' title='bbox 761 1000 838 1029; x_wconf 88' lang='lat' dir='ltr'>vos</span> <span class='ocrx_word' id='word_1_77' title='bbox 873 992 1100 1040; x_wconf 78' lang='lat' dir='ltr'>expectate</span> <span class='ocrx_word' id='word_1_78' title='bbox 1131 986 1326 1028; x_wconf 89' lang='lat' dir='ltr'>iubemus</span> 
     </span>
     <span class='ocr_line' id='line_1_20' title="bbox 239 1056 1387 1110; baseline -0.001 -12"><span class='ocrx_word' id='word_1_79' title='bbox 239 1057 349 1098; x_wconf 89' lang='lat' dir='ltr'>Ante</span> <span class='ocrx_word' id='word_1_80' title='bbox 381 1070 501 1098; x_wconf 88' lang='lat' dir='ltr'>meas</span> <span class='ocrx_word' id='word_1_81' title='bbox 535 1057 677 1108; x_wconf 85' lang='lat' dir='ltr'>sedes,</span> <span class='ocrx_word' id='word_1_82' title='bbox 711 1064 756 1098; x_wconf 89' lang='lat' dir='ltr'>tu</span> <span class='ocrx_word' id='word_1_83' title='bbox 788 1058 901 1098; x_wconf 87' lang='lat' dir='ltr'>Mars</span> <span class='ocrx_word' id='word_1_84' title='bbox 933 1058 1170 1110; x_wconf 87' lang='lat' dir='ltr'>iterumque</span> <span class='ocrx_word' id='word_1_85' title='bbox 1204 1056 1387 1106; x_wconf 80' lang='lat' dir='ltr'>Quirine.</span> 
     </span>
     <span class='ocr_line' id='line_1_21' title="bbox 237 1127 1242 1182; baseline -0.001 -13"><span class='ocrx_word' id='word_1_86' title='bbox 237 1128 451 1182; x_wconf 91' lang='lat' dir='ltr'>Incipiunt</span> <span class='ocrx_word' id='word_1_87' title='bbox 485 1141 689 1182; x_wconf 89' lang='lat' dir='ltr'>superare</span> <span class='ocrx_word' id='word_1_88' title='bbox 722 1129 826 1174; x_wconf 73' lang='lat' dir='ltr'>vias,</span> <span class='ocrx_word' id='word_1_89' title='bbox 860 1128 1099 1182; x_wconf 86' lang='lat' dir='ltr'>penetralia</span> <span class='ocrx_word' id='word_1_90' title='bbox 1131 1127 1242 1169; x_wconf 90' lang='lat' dir='ltr'>Ditis</span> 
     </span>
    </p>

    <p class='ocr_par' dir='ltr' id='par_1_10' title="bbox 238 1199 1462 1325">
     <span class='ocr_line' id='line_1_22' title="bbox 241 1199 1462 1253; baseline -0.001 -13"><span class='ocrx_word' id='word_1_91' title='bbox 241 1200 377 1241; x_wconf 86' lang='lat' dir='ltr'>Tecta</span> <span class='ocrx_word' id='word_1_92' title='bbox 399 1205 560 1250; x_wconf 74' lang='lat' dir='ltr'>tenent,</span> <span class='ocrx_word' id='word_1_93' title='bbox 585 1199 805 1253; x_wconf 88' lang='lat' dir='ltr'>primoque</span> <span class='ocrx_word' id='word_1_94' title='bbox 826 1199 972 1241; x_wconf 89' lang='lat' dir='ltr'>vident</span> <span class='ocrx_word' id='word_1_95' title='bbox 994 1205 1039 1240; x_wconf 92' lang='lat' dir='ltr'>ut</span> <span class='ocrx_word' id='word_1_96' title='bbox 1060 1199 1275 1240; x_wconf 85' lang='lat' dir='ltr'>Cerberon</span> <span class='ocrx_word' id='word_1_97' title='bbox 1298 1212 1462 1252; x_wconf 84' lang='lat' dir='ltr'>angues</span> 
     </span>
     <span class='ocr_line' id='line_1_23' title="bbox 238 1270 1257 1325; baseline -0.001 -13"><span class='ocrx_word' id='word_1_98' title='bbox 238 1271 463 1313; x_wconf 87' lang='lat' dir='ltr'>Involvant</span> <span class='ocrx_word' id='word_1_99' title='bbox 496 1271 653 1312; x_wconf 91' lang='lat' dir='ltr'>victum</span> <span class='ocrx_word' id='word_1_100' title='bbox 688 1271 801 1319; x_wconf 74' lang='lat' dir='ltr'>sevis</span> <span class='ocrx_word' id='word_1_101' title='bbox 835 1277 877 1312; x_wconf 89' lang='lat' dir='ltr'>et</span> <span class='ocrx_word' id='word_1_102' title='bbox 909 1284 1088 1325; x_wconf 89' lang='lat' dir='ltr'>corpora</span> <span class='ocrx_word' id='word_1_103' title='bbox 1120 1270 1257 1312; x_wconf 91' lang='lat' dir='ltr'>nodis.</span> 
     </span>
    </p>

    <p class='ocr_par' dir='ltr' id='par_1_11' title="bbox 240 1341 1331 1396">
     <span class='ocr_line' id='line_1_24' title="bbox 240 1341 1331 1396; baseline -0.001 -13"><span class='ocrx_word' id='word_1_104' title='bbox 240 1342 401 1383; x_wconf 88' lang='lat' dir='ltr'>Ianitor</span> <span class='ocrx_word' id='word_1_105' title='bbox 433 1348 478 1383; x_wconf 89' lang='lat' dir='ltr'>ut</span> <span class='ocrx_word' id='word_1_106' title='bbox 510 1356 713 1396; x_wconf 82' lang='lat' dir='ltr'>magnum</span> <span class='ocrx_word' id='word_1_107' title='bbox 746 1342 881 1383; x_wconf 89' lang='lat' dir='ltr'>sensit</span> <span class='ocrx_word' id='word_1_108' title='bbox 912 1341 1144 1383; x_wconf 87' lang='lat' dir='ltr'>terroribus</span> <span class='ocrx_word' id='word_1_109' title='bbox 1177 1341 1331 1383; x_wconf 91' lang='lat' dir='ltr'>Ursum</span> 
     </span>
    </p>

    <p class='ocr_par' dir='ltr' id='par_1_12' title="bbox 241 1412 1384 1525">
     <span class='ocr_line' id='line_1_25' title="bbox 241 1412 1384 1467; baseline -0.001 -14"><span class='ocrx_word' id='word_1_110' title='bbox 241 1413 307 1454; x_wconf 89' lang='lat' dir='ltr'>Ire</span> <span class='ocrx_word' id='word_1_111' title='bbox 341 1412 490 1466; x_wconf 79' lang='lat' dir='ltr'>gradU‚</span> <span class='ocrx_word' id='word_1_112' title='bbox 524 1419 669 1467; x_wconf 89' lang='lat' dir='ltr'>portas</span> <span class='ocrx_word' id='word_1_113' title='bbox 701 1412 811 1466; x_wconf 87' lang='lat' dir='ltr'>fugit</span> <span class='ocrx_word' id='word_1_114' title='bbox 843 1412 942 1454; x_wconf 91' lang='lat' dir='ltr'>hinc</span> <span class='ocrx_word' id='word_1_115' title='bbox 975 1418 1017 1454; x_wconf 89' lang='lat' dir='ltr'>et</span> <span class='ocrx_word' id='word_1_116' title='bbox 1045 1412 1192 1454; x_wconf 91' lang='lat' dir='ltr'>limina</span> <span class='ocrx_word' id='word_1_117' title='bbox 1222 1412 1384 1466; x_wconf 90' lang='lat' dir='ltr'>linguit.</span> 
     </span>
     <span class='ocr_line' id='line_1_26' title="bbox 242 1482 1239 1525; baseline 0 -1"><span class='ocrx_word' id='word_1_118' title='bbox 242 1484 448 1525; x_wconf 73' lang='lat' dir='ltr'>Extimuit</span> <span class='ocrx_word' id='word_1_119' title='bbox 481 1490 626 1525; x_wconf 88' lang='lat' dir='ltr'>custos</span> <span class='ocrx_word' id='word_1_120' title='bbox 658 1484 807 1525; x_wconf 88' lang='lat' dir='ltr'>iterum</span> <span class='ocrx_word' id='word_1_121' title='bbox 841 1496 893 1524; x_wconf 88' lang='lat' dir='ltr'>ne</span> <span class='ocrx_word' id='word_1_122' title='bbox 928 1483 1043 1524; x_wconf 89' lang='lat' dir='ltr'>clara</span> <span class='ocrx_word' id='word_1_123' title='bbox 1075 1482 1239 1524; x_wconf 89' lang='lat' dir='ltr'>videret</span> 
     </span>
    </p>

    <p class='ocr_par' dir='ltr' id='par_1_13' title="bbox 242 1554 1450 2036">
     <span class='ocr_line' id='line_1_27' title="bbox 243 1554 1353 1608; baseline 0.001 -13"><span class='ocrx_word' id='word_1_124' title='bbox 243 1556 371 1596; x_wconf 89' lang='lat' dir='ltr'>Astra</span> <span class='ocrx_word' id='word_1_125' title='bbox 402 1555 503 1608; x_wconf 81' lang='lat' dir='ltr'>poli,</span> <span class='ocrx_word' id='word_1_126' title='bbox 537 1555 810 1607; x_wconf 85' lang='lat' dir='ltr'>traheretque</span> <span class='ocrx_word' id='word_1_127' title='bbox 845 1568 921 1596; x_wconf 89' lang='lat' dir='ltr'>suo</span> <span class='ocrx_word' id='word_1_128' title='bbox 954 1567 1008 1595; x_wconf 91' lang='lat' dir='ltr'>ne</span> <span class='ocrx_word' id='word_1_129' title='bbox 1040 1554 1200 1596; x_wconf 80' lang='lat' dir='ltr'>viribus</span> <span class='ocrx_word' id='word_1_130' title='bbox 1233 1561 1353 1596; x_wconf 88' lang='lat' dir='ltr'>antro</span> 
     </span>
     <span class='ocr_line' id='line_1_28' title="bbox 242 1626 1355 1680; baseline -0.002 -11"><span class='ocrx_word' id='word_1_131' title='bbox 242 1627 352 1669; x_wconf 92' lang='lat' dir='ltr'>Hinc</span> <span class='ocrx_word' id='word_1_132' title='bbox 385 1626 545 1668; x_wconf 86' lang='lat' dir='ltr'>abeunt</span> <span class='ocrx_word' id='word_1_133' title='bbox 576 1626 690 1667; x_wconf 89' lang='lat' dir='ltr'>intus</span> <span class='ocrx_word' id='word_1_134' title='bbox 724 1626 913 1667; x_wconf 84' lang='lat' dir='ltr'>celerant</span> <span class='ocrx_word' id='word_1_135' title='bbox 946 1626 1019 1667; x_wconf 91' lang='lat' dir='ltr'>ubi</span> <span class='ocrx_word' id='word_1_136' title='bbox 1050 1626 1202 1680; x_wconf 89' lang='lat' dir='ltr'>myrtia</span> <span class='ocrx_word' id='word_1_137' title='bbox 1234 1626 1355 1679; x_wconf 87' lang='lat' dir='ltr'>sylva</span> 
     </span>
     <span class='ocr_line' id='line_1_29' title="bbox 243 1697 1365 1751; baseline -0.002 -11"><span class='ocrx_word' id='word_1_138' title='bbox 243 1698 501 1740; x_wconf 86' lang='lat' dir='ltr'>Foemineas</span> <span class='ocrx_word' id='word_1_139' title='bbox 535 1697 672 1751; x_wconf 89' lang='lat' dir='ltr'>operit</span> <span class='ocrx_word' id='word_1_140' title='bbox 704 1697 827 1739; x_wconf 87' lang='lat' dir='ltr'>viridi</span> <span class='ocrx_word' id='word_1_141' title='bbox 860 1697 937 1739; x_wconf 88' lang='lat' dir='ltr'>sub</span> <span class='ocrx_word' id='word_1_142' title='bbox 970 1697 1121 1738; x_wconf 87' lang='lat' dir='ltr'>fronde</span> <span class='ocrx_word' id='word_1_143' title='bbox 1155 1703 1365 1738; x_wconf 90' lang='lat' dir='ltr'>catervas.</span> 
     </span>
     <span class='ocr_line' id='line_1_30' title="bbox 244 1768 1297 1823; baseline -0.003 -12"><span class='ocrx_word' id='word_1_144' title='bbox 244 1770 336 1811; x_wconf 88' lang='lat' dir='ltr'>Illic</span> <span class='ocrx_word' id='word_1_145' title='bbox 367 1775 492 1810; x_wconf 76' lang='lat' dir='ltr'>taxus</span> <span class='ocrx_word' id='word_1_146' title='bbox 526 1775 630 1820; x_wconf 81' lang='lat' dir='ltr'>erat,</span> <span class='ocrx_word' id='word_1_147' title='bbox 662 1768 798 1823; x_wconf 70' lang='lat' dir='ltr'>piceo,</span> <span class='ocrx_word' id='word_1_148' title='bbox 833 1768 1033 1821; x_wconf 91' lang='lat' dir='ltr'>cedrique</span> <span class='ocrx_word' id='word_1_149' title='bbox 1068 1781 1297 1822; x_wconf 87' lang='lat' dir='ltr'>cupressus</span> 
     </span>
     <span class='ocr_line' id='line_1_31' title="bbox 246 1838 1379 1894; baseline -0.002 -12"><span class='ocrx_word' id='word_1_150' title='bbox 246 1841 395 1883; x_wconf 90' lang='lat' dir='ltr'>Ulmus</span> <span class='ocrx_word' id='word_1_151' title='bbox 429 1853 566 1894; x_wconf 86' lang='lat' dir='ltr'>opaca</span> <span class='ocrx_word' id='word_1_152' title='bbox 597 1839 715 1893; x_wconf 83' lang='lat' dir='ltr'>viget</span> <span class='ocrx_word' id='word_1_153' title='bbox 746 1839 962 1880; x_wconf 84' lang='lat' dir='ltr'>frondosis</span> <span class='ocrx_word' id='word_1_154' title='bbox 995 1838 1180 1880; x_wconf 87' lang='lat' dir='ltr'>crinibus</span> <span class='ocrx_word' id='word_1_155' title='bbox 1211 1839 1379 1892; x_wconf 77' lang='lat' dir='ltr'>ingens,</span> 
     </span>
     <span class='ocr_line' id='line_1_32' title="bbox 249 1909 1450 1964; baseline -0.002 -11"><span class='ocrx_word' id='word_1_156' title='bbox 249 1911 336 1954; x_wconf 86' lang='lat' dir='ltr'>Sub</span> <span class='ocrx_word' id='word_1_157' title='bbox 371 1911 523 1964; x_wconf 90' lang='lat' dir='ltr'>quibus</span> <span class='ocrx_word' id='word_1_158' title='bbox 557 1911 759 1952; x_wconf 87' lang='lat' dir='ltr'>astabant</span> <span class='ocrx_word' id='word_1_159' title='bbox 791 1916 833 1951; x_wconf 91' lang='lat' dir='ltr'>et</span> <span class='ocrx_word' id='word_1_160' title='bbox 865 1911 995 1964; x_wconf 88' lang='lat' dir='ltr'>longa</span> <span class='ocrx_word' id='word_1_161' title='bbox 1017 1911 1060 1952; x_wconf 92' lang='lat' dir='ltr'>in</span> <span class='ocrx_word' id='word_1_162' title='bbox 1081 1910 1193 1952; x_wconf 90' lang='lat' dir='ltr'>valle</span> <span class='ocrx_word' id='word_1_163' title='bbox 1227 1909 1450 1960; x_wconf 82' lang='lat' dir='ltr'>sedebant,</span> 
     </span>
     <span class='ocr_line' id='line_1_33' title="bbox 245 1981 1197 2036; baseline -0.002 -12"><span class='ocrx_word' id='word_1_164' title='bbox 245 1983 354 2025; x_wconf 91' lang='lat' dir='ltr'>Iulia</span> <span class='ocrx_word' id='word_1_165' title='bbox 385 1996 471 2023; x_wconf 91' lang='lat' dir='ltr'>non</span> <span class='ocrx_word' id='word_1_166' title='bbox 502 1982 606 2023; x_wconf 80' lang='lat' dir='ltr'>felix</span> <span class='ocrx_word' id='word_1_167' title='bbox 638 1988 776 2036; x_wconf 75' lang='lat' dir='ltr'>parm,</span> <span class='ocrx_word' id='word_1_168' title='bbox 811 1981 1010 2023; x_wconf 87' lang='lat' dir='ltr'>Cornelia</span> <span class='ocrx_word' id='word_1_169' title='bbox 1039 1982 1197 2035; x_wconf 86' lang='lat' dir='ltr'>magni,</span> 
     </span>
    </p>

    <p class='ocr_par' dir='ltr' id='par_1_14' title="bbox 246 2053 1324 2179">
     <span class='ocr_line' id='line_1_34' title="bbox 246 2053 1305 2105; baseline -0.002 -10"><span class='ocrx_word' id='word_1_170' title='bbox 246 2055 300 2096; x_wconf 88' lang='lat' dir='ltr'>Et</span> <span class='ocrx_word' id='word_1_171' title='bbox 332 2053 522 2095; x_wconf 90' lang='lat' dir='ltr'>Drusilla</span> <span class='ocrx_word' id='word_1_172' title='bbox 554 2054 727 2105; x_wconf 75' lang='lat' dir='ltr'>decens,</span> <span class='ocrx_word' id='word_1_173' title='bbox 762 2060 803 2094; x_wconf 89' lang='lat' dir='ltr'>et</span> <span class='ocrx_word' id='word_1_174' title='bbox 835 2053 966 2094; x_wconf 89' lang='lat' dir='ltr'>tristis</span> <span class='ocrx_word' id='word_1_175' title='bbox 998 2053 1120 2094; x_wconf 86' lang='lat' dir='ltr'>Livia</span> <span class='ocrx_word' id='word_1_176' title='bbox 1152 2053 1305 2094; x_wconf 87' lang='lat' dir='ltr'>Druso.</span> 
     </span>
     <span class='ocr_line' id='line_1_35' title="bbox 247 2124 1324 2179; baseline -0.001 -13"><span class='ocrx_word' id='word_1_177' title='bbox 247 2125 482 2179; x_wconf 83' lang='lat' dir='ltr'>Hyppolita</span> <span class='ocrx_word' id='word_1_178' title='bbox 516 2124 703 2166; x_wconf 81' lang='lat' dir='ltr'>extincto</span> <span class='ocrx_word' id='word_1_179' title='bbox 738 2137 873 2178; x_wconf 86' lang='lat' dir='ltr'>nuper</span> <span class='ocrx_word' id='word_1_180' title='bbox 905 2124 1192 2165; x_wconf 87' lang='lat' dir='ltr'>moestissima</span> <span class='ocrx_word' id='word_1_181' title='bbox 1224 2129 1324 2165; x_wconf 90' lang='lat' dir='ltr'>nato</span> 
     </span>
    </p>

    <p class='ocr_par' dir='ltr' id='par_1_15' title="bbox 247 2195 1418 2462">
     <span class='ocr_line' id='line_1_36' title="bbox 249 2195 1418 2249; baseline -0.002 -12"><span class='ocrx_word' id='word_1_182' title='bbox 249 2196 352 2237; x_wconf 85' lang='lat' dir='ltr'>Sola</span> <span class='ocrx_word' id='word_1_183' title='bbox 385 2209 506 2237; x_wconf 91' lang='lat' dir='ltr'>suum</span> <span class='ocrx_word' id='word_1_184' title='bbox 539 2195 669 2237; x_wconf 90' lang='lat' dir='ltr'>deflet</span> <span class='ocrx_word' id='word_1_185' title='bbox 701 2196 887 2244; x_wconf 69' lang='lat' dir='ltr'>Petrum,</span> <span class='ocrx_word' id='word_1_186' title='bbox 921 2195 1208 2249; x_wconf 90' lang='lat' dir='ltr'>pulcherrima</span> <span class='ocrx_word' id='word_1_187' title='bbox 1240 2201 1418 2235; x_wconf 88' lang='lat' dir='ltr'>matrum</span> 
     </span>
     <span class='ocr_line' id='line_1_37' title="bbox 247 2266 1282 2318; baseline -0.002 -10"><span class='ocrx_word' id='word_1_188' title='bbox 247 2266 461 2318; x_wconf 79' lang='lat' dir='ltr'>Italidum,</span> <span class='ocrx_word' id='word_1_189' title='bbox 495 2267 626 2309; x_wconf 88' lang='lat' dir='ltr'>cessit</span> <span class='ocrx_word' id='word_1_190' title='bbox 660 2267 827 2315; x_wconf 68' lang='lat' dir='ltr'>domine</span> <span class='ocrx_word' id='word_1_191' title='bbox 864 2267 930 2307; x_wconf 89' lang='lat' dir='ltr'>cui</span> <span class='ocrx_word' id='word_1_192' title='bbox 962 2266 1117 2308; x_wconf 88' lang='lat' dir='ltr'>bellica</span> <span class='ocrx_word' id='word_1_193' title='bbox 1148 2266 1282 2318; x_wconf 82' lang='lat' dir='ltr'>virgo,</span> 
     </span>
     <span class='ocr_line' id='line_1_38' title="bbox 248 2336 1322 2391; baseline -0.002 -12"><span class='ocrx_word' id='word_1_194' title='bbox 248 2337 454 2379; x_wconf 89' lang='lat' dir='ltr'>Iudicium</span> <span class='ocrx_word' id='word_1_195' title='bbox 487 2338 671 2391; x_wconf 88' lang='lat' dir='ltr'>Phrygis</span> <span class='ocrx_word' id='word_1_196' title='bbox 705 2344 747 2379; x_wconf 87' lang='lat' dir='ltr'>et</span> <span class='ocrx_word' id='word_1_197' title='bbox 779 2337 952 2379; x_wconf 89' lang='lat' dir='ltr'>Iunonis</span> <span class='ocrx_word' id='word_1_198' title='bbox 985 2337 1121 2378; x_wconf 87' lang='lat' dir='ltr'>forma</span> <span class='ocrx_word' id='word_1_199' title='bbox 1154 2336 1322 2385; x_wconf 66' lang='lat' dir='ltr'>decore.</span> 
     </span>
     <span class='ocr_line' id='line_1_39' title="bbox 251 2408 1376 2462; baseline -0.001 -13"><span class='ocrx_word' id='word_1_200' title='bbox 251 2409 446 2459; x_wconf 77' lang='lat' dir='ltr'>Quantus</span> <span class='ocrx_word' id='word_1_201' title='bbox 480 2409 585 2450; x_wconf 94' lang='lat' dir='ltr'>odor</span> <span class='ocrx_word' id='word_1_202' title='bbox 616 2409 727 2450; x_wconf 90' lang='lat' dir='ltr'>facie</span> <span class='ocrx_word' id='word_1_203' title='bbox 762 2408 918 2454; x_wconf 79' lang='lat' dir='ltr'>stabat,</span> <span class='ocrx_word' id='word_1_204' title='bbox 954 2421 1157 2462; x_wconf 87' lang='lat' dir='ltr'>superare</span> <span class='ocrx_word' id='word_1_205' title='bbox 1190 2408 1376 2448; x_wconf 89' lang='lat' dir='ltr'>Ducissa</span> 
     </span>
    </p>

    <p class='ocr_par' dir='ltr' id='par_1_16' title="bbox 251 2477 1557 2959">
     <span class='ocr_line' id='line_1_40' title="bbox 251 2477 1557 2534; baseline -0.002 -13"><span class='ocrx_word' id='word_1_206' title='bbox 251 2481 304 2521; x_wconf 87' lang='lat' dir='ltr'>Et</span> <span class='ocrx_word' id='word_1_207' title='bbox 324 2479 508 2534; x_wconf 72' lang='lat' dir='ltr'>Cypron,</span> <span class='ocrx_word' id='word_1_208' title='bbox 533 2493 787 2533; x_wconf 87' lang='lat' dir='ltr'>sacramque</span> <span class='ocrx_word' id='word_1_209' title='bbox 805 2480 1014 2533; x_wconf 83' lang='lat' dir='ltr'>Paphum,</span> <span class='ocrx_word' id='word_1_210' title='bbox 1039 2479 1307 2532; x_wconf 82' lang='lat' dir='ltr'>Spartenque</span> <span class='ocrx_word' id='word_1_211' title='bbox 1330 2477 1557 2532; x_wconf 87' lang='lat' dir='ltr'>superbam</span> 
     </span>
     <span class='ocr_line' id='line_1_41' title="bbox 251 2550 1289 2605; baseline -0.001 -13"><span class='ocrx_word' id='word_1_212' title='bbox 251 2551 352 2605; x_wconf 91' lang='lat' dir='ltr'>Ipsa</span> <span class='ocrx_word' id='word_1_213' title='bbox 383 2551 628 2593; x_wconf 86' lang='lat' dir='ltr'>Palestinas</span> <span class='ocrx_word' id='word_1_214' title='bbox 661 2551 868 2593; x_wconf 88' lang='lat' dir='ltr'>valuisset</span> <span class='ocrx_word' id='word_1_215' title='bbox 902 2563 1077 2604; x_wconf 87' lang='lat' dir='ltr'>carpere</span> <span class='ocrx_word' id='word_1_216' title='bbox 1110 2550 1289 2604; x_wconf 89' lang='lat' dir='ltr'>palmas.</span> 
     </span>
     <span class='ocr_line' id='line_1_42' title="bbox 252 2620 1416 2676; baseline -0.003 -13"><span class='ocrx_word' id='word_1_217' title='bbox 252 2622 447 2663; x_wconf 86' lang='lat' dir='ltr'>Blancha</span> <span class='ocrx_word' id='word_1_218' title='bbox 481 2635 637 2676; x_wconf 89' lang='lat' dir='ltr'>parens</span> <span class='ocrx_word' id='word_1_219' title='bbox 670 2622 805 2663; x_wconf 90' lang='lat' dir='ltr'>Mauri</span> <span class='ocrx_word' id='word_1_220' title='bbox 837 2627 980 2662; x_wconf 84' lang='lat' dir='ltr'>natam</span> <span class='ocrx_word' id='word_1_221' title='bbox 1014 2620 1252 2673; x_wconf 86' lang='lat' dir='ltr'>stringebat</span> <span class='ocrx_word' id='word_1_222' title='bbox 1274 2633 1416 2661; x_wconf 89' lang='lat' dir='ltr'>amore</span> 
     </span>
     <span class='ocr_line' id='line_1_43' title="bbox 251 2690 1471 2746; baseline -0.002 -12"><span class='ocrx_word' id='word_1_223' title='bbox 251 2693 388 2734; x_wconf 85' lang='lat' dir='ltr'>Facta</span> <span class='ocrx_word' id='word_1_224' title='bbox 420 2706 570 2746; x_wconf 88' lang='lat' dir='ltr'>parum</span> <span class='ocrx_word' id='word_1_225' title='bbox 604 2693 812 2746; x_wconf 77' lang='lat' dir='ltr'>gaudens,</span> <span class='ocrx_word' id='word_1_226' title='bbox 847 2693 981 2733; x_wconf 90' lang='lat' dir='ltr'>tribus</span> <span class='ocrx_word' id='word_1_227' title='bbox 1015 2698 1055 2733; x_wconf 89' lang='lat' dir='ltr'>et</span> <span class='ocrx_word' id='word_1_228' title='bbox 1079 2690 1339 2733; x_wconf 85' lang='lat' dir='ltr'>circumdata</span> <span class='ocrx_word' id='word_1_229' title='bbox 1360 2691 1471 2732; x_wconf 90' lang='lat' dir='ltr'>natis</span> 
     </span>
     <span class='ocr_line' id='line_1_44' title="bbox 253 2762 1428 2817; baseline -0.002 -13"><span class='ocrx_word' id='word_1_230' title='bbox 253 2763 375 2805; x_wconf 88' lang='lat' dir='ltr'>Valle</span> <span class='ocrx_word' id='word_1_231' title='bbox 409 2777 586 2817; x_wconf 84' lang='lat' dir='ltr'>gemens</span> <span class='ocrx_word' id='word_1_232' title='bbox 622 2777 793 2805; x_wconf 89' lang='lat' dir='ltr'>cassum</span> <span class='ocrx_word' id='word_1_233' title='bbox 828 2764 905 2805; x_wconf 89' lang='lat' dir='ltr'>sub</span> <span class='ocrx_word' id='word_1_234' title='bbox 940 2763 1045 2804; x_wconf 91' lang='lat' dir='ltr'>dura</span> <span class='ocrx_word' id='word_1_235' title='bbox 1077 2762 1197 2803; x_wconf 88' lang='lat' dir='ltr'>febre</span> <span class='ocrx_word' id='word_1_236' title='bbox 1229 2768 1428 2815; x_wconf 88' lang='lat' dir='ltr'>nepotem</span> 
     </span>
     <span class='ocr_line' id='line_1_45' title="bbox 254 2832 1419 2886; baseline -0.001 -11"><span class='ocrx_word' id='word_1_237' title='bbox 254 2835 358 2876; x_wconf 92' lang='lat' dir='ltr'>Post</span> <span class='ocrx_word' id='word_1_238' title='bbox 391 2842 495 2886; x_wconf 73' lang='lat' dir='ltr'>erat,</span> <span class='ocrx_word' id='word_1_239' title='bbox 530 2835 603 2875; x_wconf 92' lang='lat' dir='ltr'>illa</span> <span class='ocrx_word' id='word_1_240' title='bbox 635 2835 757 2875; x_wconf 88' lang='lat' dir='ltr'>thoro</span> <span class='ocrx_word' id='word_1_241' title='bbox 792 2833 1032 2875; x_wconf 83' lang='lat' dir='ltr'>castissima</span> <span class='ocrx_word' id='word_1_242' title='bbox 1063 2833 1218 2873; x_wconf 89' lang='lat' dir='ltr'>mansit</span> <span class='ocrx_word' id='word_1_243' title='bbox 1249 2832 1291 2872; x_wconf 92' lang='lat' dir='ltr'>in</span> <span class='ocrx_word' id='word_1_244' title='bbox 1324 2845 1419 2874; x_wconf 90' lang='lat' dir='ltr'>uno.</span> 
     </span>
     <span class='ocr_line' id='line_1_46' title="bbox 255 2903 1357 2959; baseline -0.004 -12"><span class='ocrx_word' id='word_1_245' title='bbox 255 2906 365 2947; x_wconf 92' lang='lat' dir='ltr'>Hinc</span> <span class='ocrx_word' id='word_1_246' title='bbox 398 2906 623 2947; x_wconf 85' lang='lat' dir='ltr'>Hisabella</span> <span class='ocrx_word' id='word_1_247' title='bbox 646 2903 689 2959; x_wconf 78' lang='lat'>(1)</span> <span class='ocrx_word' id='word_1_248' title='bbox 723 2904 846 2947; x_wconf 83' lang='lat' dir='ltr'>sedet</span> <span class='ocrx_word' id='word_1_249' title='bbox 879 2905 1024 2946; x_wconf 84' lang='lat' dir='ltr'>stricto</span> <span class='ocrx_word' id='word_1_250' title='bbox 1057 2903 1197 2946; x_wconf 86' lang='lat' dir='ltr'>vicina</span> <span class='ocrx_word' id='word_1_251' title='bbox 1230 2903 1357 2944; x_wconf 90' lang='lat' dir='ltr'>cubili</span> 
     </span>
    </p>
   </div>
   <div class='ocr_carea' id='block_1_10' title="bbox 207 2985 1448 3025">
    <p class='ocr_par' dir='ltr' id='par_1_17' title="bbox 207 2985 1448 3025">
     <span class='ocr_line' id='line_1_47' title="bbox 207 2985 1448 3025; baseline -0.005 -2"><span class='ocrx_word' id='word_1_252' title='bbox 207 3018 212 3023; x_wconf 93' lang='lat'><em>.</em></span> <span class='ocrx_word' id='word_1_253' title='bbox 234 2997 330 3024; x_wconf 65' lang='lat' dir='ltr'>Auen:</span> <span class='ocrx_word' id='word_1_254' title='bbox 352 2998 513 3024; x_wconf 76' lang='lat' dir='ltr'><strong>ANALECTA</strong></span> <span class='ocrx_word' id='word_1_255' title='bbox 533 3007 619 3025; x_wconf 76' lang='lat' dir='ltr'>NOVA.</span> <span class='ocrx_word' id='word_1_256' title='bbox 1407 2985 1448 3018; x_wconf 73' lang='lat'>21</span> 
     </span>
    </p>
   </div>
  </div>
 </body>
</html>
