1955 3278
1491 113 1559 149 209

79 256 219 297 lacteo
265 256 536 309 eloquentiae
581 255 699 297 fonte
744 262 988 296 manantem
1033 255 1085 297 de
1125 257 1282 298 ultimis
1325 257 1559 311 Hispaniae

81 326 400 379 Galliarumque
420 326 432 347 ¹
471 326 626 368 finibus
659 326 866 379 quosdam
899 327 1271 369 venisse‘nobiles
1303 329 1486 382 legimus
1520 335 1561 371 et

81 410 187 450 quos
231 397 286 438 ad
332 397 736 451 contemplationem
782 398 846 438 sui
894 398 1029 438 Roma
1072 412 1156 439 non
1204 408 1392 440 traxerat
1437 401 1563 442 unius

34 475 36 478 “
80 468 262 509 hominis
307 468 423 509 fama
465 467 676 522 perduxit,
724 481 805 520 quo
839 468 931 509 viso
965 469 1106 509 statim
1153 469 1432 512 discesserint
1463 472 1563 524 quid

80 538 264 580 mirum?
314 539 359 580 Si
390 552 468 580 nos
512 552 597 580 non
640 539 766 579 unius
799 539 1070 591 eloquentiae
1104 545 1216 591 tuae,
1263 541 1340 582 sed
1372 542 1562 584 innume-

80 623 219 650 rarum
251 609 450 651 virtutum
482 610 713 663 praeconio
746 609 1077 663 ingentibusque
1112 617 1154 651 et
1184 612 1373 665 eorporis
1407 619 1448 653 et
1480 613 1563 655 for-

80 686 223 731 tunae,
264 679 434 722 dotibus
466 680 654 734 pellecti,
694 686 780 721 tam
813 680 980 722 ardenti
1025 682 1084 722 tui
1129 681 1303 723 videndi
1350 683 1565 726 desiderio

80 757 322 792 teneremur
354 759 395 792 te
428 758 700 805 praesentem
734 757 852 792 tanto
879 751 1039 805 gaudio
1071 753 1379 806 exciperemus.
1413 754 1565 797 Caete-

80 836 171 863 rum
204 835 297 863 cum
341 821 524 863 nominis
557 822 617 862 tui
660 821 939 863 celeberrima
982 822 1111 874 fama,
1158 823 1314 876 ubique
1357 826 1561 878 gentium,

82 893 237 946 ubique
270 893 471 944 locorum,
504 893 633 944 longe
666 893 838 945 lateque
871 893 1156 947 praedicetur,
1189 894 1380 937 facturus
1402 909 1561 950 operae

80 964 269 1018 precium
316 963 417 1005 mihi
463 963 623 1015 videor,
669 964 705 1005 si
752 970 794 1004 et
840 964 934 1018 ipse
982 964 1134 1006 laudes
1181 972 1277 1006 tuas
1336 966 1418 1008 hae
1466 981 1561 1009 mea

81 1035 365 1086 oraciuncula,
410 1035 625 1088 Episeope
671 1034 1149 1087 Quinqueecclesiensis
1188 1037 1558 1089 reverendissime„

82 1106 282 1148 extremis
315 1106 537 1147 dumtaxat
569 1103 629 1158 (ut
651 1103 784 1159 aiunt)
811 1106 956 1160 digitis
990 1107 1198 1160 attigero:
1231 1108 1339 1149 Nam
1373 1109 1559 1162 splendi-

83 1178 260 1219 dissima
292 1190 424 1231 opera
455 1183 529 1218 tua
561 1184 646 1217 tam
681 1184 779 1217 sunt
801 1177 994 1219 omnibus
1021 1178 1257 1230 notissima,
1291 1186 1378 1221 tam
1402 1180 1567 1222 eunctis

83 1247 348 1297 admiranda,
382 1255 427 1289 ut
459 1248 681 1289 honestius
712 1247 882 1301 quidem
914 1248 1006 1290 fore
1040 1249 1231 1290 duxerim
1258 1250 1311 1292 de
1335 1251 1401 1291 his
1425 1252 1565 1304 silere,

84 1333 211 1373 quam
243 1333 391 1373 parum
422 1319 565 1360 dicere
595 1325 680 1360 tum
716 1325 761 1360 ut
790 1319 928 1371 quivis
961 1320 1087 1361 facile
1120 1320 1331 1375 intelligat
1364 1329 1568 1375 quantum

83 1390 309 1432 hilaritatis
342 1390 449 1431 tanti
480 1391 692 1445 praesulis
726 1390 937 1432 adventus
970 1391 1092 1432 nobis
1127 1392 1327 1444 attulerit,
1362 1399 1489 1447 atque
1522 1401 1568 1435 ut

85 1462 385 1503 adolescentes
404 1468 575 1503 nostrae
592 1462 825 1503 litterariae
842 1462 1058 1515 palestrae
1081 1468 1123 1504 te
1149 1463 1230 1503 sibi
1252 1463 1417 1515 ducem,
1447 1466 1567 1506 euius

83 1533 280 1575 virtutem
295 1533 510 1573 imitentur
524 1546 600 1586 pro
616 1532 797 1574 nominis
812 1532 1129 1574 immortalitate
1150 1535 1456 1587 consequenda
1473 1549 1567 1589 pro-

84 1610 258 1658 ponant,
277 1604 461 1658 paucula
478 1603 747 1645 recensenda
764 1603 1014 1644 existimavi.
1036 1604 1130 1645 Non
1149 1610 1292 1646 tamen
1310 1606 1570 1660 auspicabor

83 1675 235 1716 laudes
252 1680 348 1716 tuas
364 1688 389 1715 a
403 1674 641 1725 cunabulis,
656 1674 848 1728 ipsisque
867 1674 1125 1728 crepundiis,
1146 1676 1270 1717 sicuti
1286 1678 1462 1718 nonnuli
1480 1679 1566 1719 lau-

87 1746 258 1787 datores
279 1745 476 1787 faetitare
501 1752 828 1787 consueverunt.
862 1746 957 1787 Non
981 1751 1208 1787 stemmata
1227 1747 1415 1789 familiae
1439 1762 1568 1802 gene-

87 1831 210 1859 rosae
242 1816 495 1868 reeensebo,
528 1831 626 1858 nam
660 1824 703 1858 tu
736 1817 851 1858 illam
884 1818 1025 1871 potius
1058 1817 1296 1870 illustrasti,
1336 1832 1463 1872 quam
1497 1820 1571 1860 illa

86 1889 162 1930 tibi
195 1889 421 1941 quiequam
454 1887 509 1929 ad
542 1888 719 1941 gloriam
753 1889 1016 1930 contulisset.
1066 1889 1161 1930 Non
1194 1890 1307 1931 enim
1346 1897 1570 1944 parentum

87 1959 298 2014 precibus,
333 1966 405 2000 aut
426 1972 694 2012 quacumque
716 1959 903 2013 ipsorum
926 1960 1090 2001 ratione
1117 1960 1266 2002 habita
1292 1974 1375 2002 non
1400 1962 1571 2015 sangui·

87 2031 153 2071 nis
185 2030 444 2072 hereditaria
476 2031 780 2084 generositate,
812 2030 889 2072 sed
922 2037 994 2072 tuo
1029 2029 1090 2085 (ut
1113 2029 1280 2085 dicitur)
1313 2032 1448 2073 Marte
1483 2046 1571 2074 cer-

88 2101 233 2150 tando,
267 2101 349 2142 tuis
382 2100 583 2142 enitendo
616 2101 855 2151 virtutibus,
890 2115 1001 2154 quae
1033 2116 1136 2144 vera
1169 2110 1234 2144 est
1267 2103 1482 2154 nobilitas,
1516 2104 1572 2145 ad

88 2173 200 2214 hanc
232 2172 521 2226 episcopalem
567 2172 760 2226 gloriam,
794 2173 849 2214 ad
881 2173 986 2214 illud
1019 2174 1267 2215 cancellarii
1305 2175 1451 2228 regiae
1485 2189 1572 2216 ma-

88 2243 254 2284 iestatis
287 2243 471 2285 officium
520 2243 632 2296 quod
675 2243 938 2296 aliquamdiu
983 2244 1170 2297 gessisti,
1217 2245 1271 2286 ad
1304 2246 1383 2287 hos
1429 2252 1572 2287 tantos

88 2313 246 2365 fasces,
280 2321 484 2367 tantaque
506 2314 761 2368 dignitatum
785 2315 969 2356 culmina
991 2316 1294 2357 conscendisti.
1332 2317 1426 2358 Non
1451 2331 1573 2371 prae-

89 2391 209 2426 terea
240 2384 434 2427 fortunas
466 2386 842 2437 luculentissimas,
888 2399 972 2427 non
1004 2387 1224 2440 ingentem
1265 2388 1355 2428 auri
1388 2389 1573 2442 argenti-

92 2469 173 2508 que
207 2456 387 2510 copiam,
433 2470 518 2498 non
550 2457 728 2509 urbium,
774 2471 858 2498 non
891 2457 1122 2508 hominum,
1156 2471 1240 2500 non
1274 2459 1573 2501 ornatissimae

91 2540 143 2568 30
175 2527 517 2569 ordinatissimae
551 2528 702 2569 domus
729 2537 828 2570 tuae
851 2529 1171 2582 possessionem
1190 2530 1388 2571 referam.
1423 2530 1575 2583 Neque

90 2597 276 2640 laudabo
299 2597 411 2640 facie
434 2599 707 2652 luculentam,
730 2600 911 2641 frontem
936 2613 1146 2651 serenam,
1170 2613 1217 2642 os
1241 2601 1390 2652 hilare,
1414 2602 1574 2643 vultum

92 2668 372 2710 reverendum
411 2670 549 2723 magis
583 2684 707 2723 quam
746 2671 992 2718 timendum,
1039 2677 1245 2712 staturam
1278 2685 1499 2726 proceram
1534 2681 1577 2713 et

93 2739 200 2781 alias
224 2739 401 2781 eximias
419 2741 607 2794 corporis
626 2741 760 2783 dotes.
784 2741 893 2782 Nam
912 2741 1096 2793 divitias,
1118 2742 1317 2794 honores,
1336 2742 1576 2784 formosita-

213 2889 223 2909 ¹
252 2890 534 2935 Galliorumque.

164 2971 189 2998 J.
205 2965 305 2999 ᾸΒειε
327 2973 486 3000 ANALECTA
506 2982 593 3001 ΝονΛ.
1391 2965 1435 2998 14
