1919 3273
1500 116 1570 150 433

85 259 249 300 tissime
281 259 472 307 traditur,
508 258 586 300 sed
628 258 815 312 ipsorum
860 258 1110 299 munerum¹
1157 259 1319 299 habere
1358 264 1400 300 te
1432 272 1569 310 usum,

87 331 158 383 qui
189 336 231 371 te
264 336 487 380 noverunt,
520 329 707 370 universi
739 329 1003 382 praedicant.
1038 330 1091 370 At
1123 343 1224 370 vero
1258 330 1450 382 quamvis
1483 344 1570 372 mo-

86 401 200 442 rales
234 400 378 441 eiusce
410 400 588 441 virtutes
617 412 642 439 a
663 412 779 440 more
814 398 1022 450 dicantur,
1046 400 1229 453 ideoque
1253 401 1372 454 ipsas
1397 402 1572 454 assequi

87 472 303 525 plerisque
348 470 587 512 mortalium
632 477 859 523 congruat,
904 470 947 510 in
992 471 1110 523 Rege
1157 478 1299 511 tamen
1346 472 1415 524 qui
1460 472 1571 513 bene

89 543 392 596 sapienterque
437 541 568 582 vitam
613 541 809 591 instituit,
857 541 1026 593 qualem
1072 548 1113 582 te
1159 555 1256 582 esse
1291 550 1472 595 constat,
1520 557 1574 584 ex

90 613 318 667 splendore
353 613 492 653 solent
525 612 654 652 multo
689 617 730 652 et
763 612 1042 653 excellentius
1071 602 1113 653 et
1135 613 1427 655 admirabilius
1450 614 1567 655 remi-

90 697 200 725 care.
235 683 326 724 Nec
358 690 483 737 putes
516 696 582 723 nie
605 682 947 736 praetermisisse
970 683 1283 734 liberalitatem,
1307 697 1416 736 quae
1440 685 1573 726 virtus

89 755 270 795 maxime
303 760 378 794 tua
410 760 487 795 est.
520 752 585 794 Ob
607 753 699 794 eius
723 754 834 794 enim
856 754 1007 794 merita
1033 761 1075 794 et
1098 755 1279 807 plurima
1305 755 1574 796 mirificorum

90 838 265 879 operum
311 825 521 878 exempla,
566 830 681 865 tuum
727 837 881 866 nomen
928 838 953 865 a
998 826 1245 866 mortalibus
1291 826 1445 879 ubique
1488 840 1572 867 non

90 896 360 937 mediocriter
387 895 613 946 extollitur,
649 896 1011 948 celeberrimeque
1036 896 1370 938 commendatur.
1407 896 1575 951 Quippe

92 967 127 1008 si
161 967 232 1020 qui
276 967 491 1021 principes
536 972 795 1020 tempestate
841 972 989 1007 nostra
1033 967 1086 1008 ob
1132 967 1404 1008 liberalitatis
1445 981 1576 1021 opera

93 1039 252 1079 claram
285 1037 365 1079 sibi
397 1037 719 1078 vendicaverint
750 1037 922 1087 famam,
967 1043 1012 1077 tu
1046 1039 1209 1078 cunctis
1256 1051 1425 1091 semper
1458 1045 1577 1080 ante-

91 1109 278 1163 poneris,
303 1122 397 1150 cum
417 1122 502 1149 non
524 1108 649 1149 modo
671 1108 854 1157 nomine,
884 1121 1030 1148 verum
1054 1108 1181 1148 etiam
1204 1122 1249 1149 re
1272 1108 1368 1162 ipsa
1392 1110 1577 1150 omnium

91 1180 257 1221 illorum
289 1193 399 1220 unus
443 1178 863 1220 munificentissimus
897 1192 949 1219 ac
980 1179 1398 1221 beneficentissimus
1443 1187 1485 1221 et
1519 1180 1577 1221 sis

94 1257 134 1291 et
166 1250 378 1292 habearis.
412 1250 531 1291 Tuae
563 1251 738 1303 inquam
772 1256 868 1291 sunt
891 1263 1038 1290 omnes
1063 1264 1238 1303 quarum
1261 1251 1433 1292 memini
1454 1252 1576 1292 intel-

93 1322 230 1362 lectus
253 1321 466 1374 morisque
487 1321 679 1372 virtutes,
703 1335 796 1362 cum
821 1334 896 1361 eas
929 1327 973 1361 tu
996 1321 1138 1362 foelici
1161 1322 1373 1374 quondam
1398 1331 1577 1363 naturae

96 1392 207 1434 dono
241 1406 321 1433 usn
353 1392 429 1433 tibi
462 1392 779 1446 comparaveris
806 1426 813 1433 .
836 1427 843 1433 .
866 1426 873 1433 .

189 1559 266 1595 Ad.
298 1559 644 1596 serenissimum
670 1560 927 1606 principem
960 1570 1011 1595 ao
1039 1560 1486 1597 Christianissimum

96 1624 443 1661 Pannoniarum
469 1636 625 1671 regem
658 1625 888 1661 Mathiam
914 1625 1135 1661 Iohannis
1168 1625 1222 1661 de
1250 1625 1398 1672 Regio
1429 1626 1585 1663 Monte

364 1690 413 1726 :in
439 1691 649 1726 tabulam
669 1690 807 1737 primi
834 1691 1016 1727 mobilis
1043 1691 1284 1737 praefatio.
1303 1693 1315 1711 2

215 1788 370 1829 Audivi
403 1802 535 1843 saepe
568 1803 744 1830 numero
777 1789 890 1830 viros
923 1803 1077 1843 graves
1123 1789 1221 1830 dum
1256 1789 1419 1830 saeculi
1451 1789 1587 1830 nostri

99 1866 378 1900 causarentur
421 1860 689 1913 iniquitatem
733 1860 1011 1901 vehementer
1053 1860 1248 1901 dubitare
1284 1861 1446 1911 solitos,
1488 1861 1585 1915 plus

99 1943 152 1971 ne
186 1930 387 1983 gerendis
419 1931 549 1972 rebus
572 1931 770 1972 humanis
794 1931 1036 1972 conducant
1058 1933 1294 1972 litterarum
1325 1932 1587 1973 monimenta

100 2014 154 2041 an
187 2015 347 2042 morum
380 2003 571 2056 pericula
601 2002 863 2044 diversorum
887 2003 1038 2055 quibus
1062 2003 1218 2055 ubique
1243 2003 1429 2043 societas
1452 2003 1585 2044 homi-

101 2072 199 2113 olim
233 2079 459 2126 erupturus
487 2074 553 2124 sit,
578 2073 632 2115 ab
660 2073 741 2114 hiis
776 2074 1063 2127 expetendum
1088 2081 1166 2123 est⁷
1193 2074 1263 2126 qui
1281 2074 1372 2114 eius
1395 2074 1586 2114 immani-

220 2188 229 2208 ¹
257 2199 456 2223 numerum.

220 2246 232 2265 ²
260 2247 293 2281 A
319 2248 378 2281 mii
405 2249 518 2282 czime
546 2259 588 2282 az
614 2249 691 2281 594.
720 2249 845 2282 sazamu
871 2247 1026 2282 krakkoi
1053 2249 1243 2282 codexbcn
1271 2249 1358 2287 (XV.
1379 2249 1588 2283 szazadbeli

102 2305 360 2350 papirkezirat)
386 2318 407 2341 a
432 2308 608 2352 prologus
636 2307 742 2341 utan:
783 2307 1016 2340 Problemata
1042 2318 1121 2340 enm
1153 2307 1436 2350 arposz'tz'ombus
1463 2318 1586 2341 eorum

98 2377 165 2409 per
196 2365 438 2399 Venerabilem
471 2367 587 2400 virum
614 2366 798 2400 (lominum
830 2366 1043 2410 mayisfrnm
1072 2366 1269 2399 Iohannem
1303 2365 1527 2400 Germamzm
1548 2366 1588 2399 dc

103 2424 228 2458 Monte
265 2424 377 2469 Regio
417 2426 617 2469 composita
649 2436 719 2468 pro
764 2424 900 2459 Tabula
940 2425 981 2458 de
1007 2424 1133 2458 Primo
1172 2424 1296 2459 »zfoba'lz‘
1328 2425 1531 2459 ‘universale'
1555 2428 1587 2459 et

98 2486 286 2527 perpetua.
313 2484 347 2517 A
374 2485 490 2519 codex
516 2484 636 2528 elejen
654 2485 734 2519 levo
756 2485 1003 2518 szamozatlan
1021 2484 1284 2528 hartyalapon:
1314 2483 1458 2518 Abacus
1470 2484 1591 2527 primi

106 2542 248 2576 mobilis
269 2554 338 2587 per
375 2543 600 2587 Illaqistrmn
638 2544 837 2577 soliemnem
876 2543 916 2577 (le
955 2543 1067 2587 Regio
1094 2543 1219 2576 *Monte
1256 2543 1466 2577 calculatus.
1511 2544 1588 2578 Mas

104 2600 238 2636 ke'zbo'l
276 2604 311 2645 (a
337 2603 412 2636 XV.
441 2603 575 2637 szazad
602 2602 786 2647 vegerffll:
826 2603 893 2637 iste
920 2602 1009 2636 liber
1036 2602 1173 2645 leyat'zts
1200 2604 1250 2636 est
1277 2614 1346 2646 per
1374 2603 1588 2646 mayistrum

104 2660 293 2695 Albertum
320 2661 361 2694 de
386 2661 572 2695 Bru-(how
601 2673 671 2705 pro
699 2662 853 2695 libraria
880 2662 1108 2695 artistarum.
1147 2661 1181 2694 A
1208 2662 1341 2695 miinek
1375 2672 1447 2706 egy
1472 2661 1591 2695 masik

106 2718 267 2754 kezirata
306 2719 432 2755 Schier
470 2721 606 2755 szerint
642 2721 829 2762 (Memoria
853 2720 1074 2754 Academiae
1101 2720 1393 2763 Istropolitanae.
1428 2721 1591 2754 Viennae

107 2779 208 2812 1774.
235 2790 269 2822 p.
295 2780 364 2820 43„
391 2780 460 2821 44.)
487 2780 649 2824 megvolt
686 2778 852 2814 Becsben
879 2790 899 2813 a
925 2779 1169 2823 Windhageni
1195 2779 1449 2822 ko'nyvtarban
1474 2780 1515 2814 is.
1555 2779 1589 2812 A

106 2832 399 2883 mfilegelo'szor
435 2838 698 2883 Niirnbergben
732 2839 848 2884 jelent
874 2849 968 2883 meg.
1008 2838 1153 2872 Azutan
1192 2837 1359 2872 Becsben
1399 2839 1590 2879 1514-ben‚

108 2896 411 2941 Wittenbergben
439 2898 628 2932 1585-ben.

178 2978 209 3004 E.
232 2970 328 3004 ᾹΒειῑ
351 2979 510 3006 ANALECTA
531 2987 617 3005 Nova.
1405 2968 1449 3002 28
