1898 3278
1557 169 1603 201 89

120 315 240 367 largo
272 321 446 367 pectore
481 312 704 366 explicavi.
740 311 863 360 Quod
887 312 923 352 si
945 311 1046 352 mihi
1074 312 1384 364 significaveris
1405 313 1482 354 tibi
1505 325 1604 354 esse

120 391 315 439 paratum
361 383 653 434 diversorium,
699 395 781 435 quo
826 395 1003 435 puerum
1044 383 1363 434 quatuordecim
1398 396 1604 425 annorum

122 455 183 509 (ut
216 452 358 507 audio)
392 454 595 507 excipias,
628 452 756 505 idque
790 459 860 493 tuo
898 460 939 493 et
974 453 1094 505 pueri
1130 454 1350 495 commodo
1383 454 1474 495 fieri
1508 467 1605 508 pos-

122 528 200 577 sit3
235 525 346 567 dabo
380 537 554 578 operam
577 531 623 564 ut
644 537 714 564 res
738 537 832 565 cum
857 536 1021 564 summa
1041 524 1222 565 utilitate
1245 531 1319 566 tua
1342 524 1604 567 conficiatur.

122 597 231 639 Stati
276 602 399 637 erunt
431 601 474 636 et
506 595 759 649 praescripti
804 595 847 635 in
882 608 1037 636 annum
1083 607 1167 635 non
1209 596 1352 649 plures
1399 597 1601 649 quinqua-

121 669 252 721 ginta,
275 680 355 708 nec
372 666 597 720 pauciores
616 666 902 719 quadraginta
924 666 1084 717 aureis3
1109 666 1319 707 accedent
1336 667 1604 718 munuscula,

121 738 299 780 accedet
331 738 437 778 inita
469 737 575 778 tanti
607 737 790 791 pincipis
824 736 1042 778 amicitia.
1070 771 1077 778 .
1105 771 1112 778 .
1146 737 1263 778 Vale.
1297 738 1438 791 Agria.

178 895 216 934 p.
250 878 317 922 92.
363 878 534 920 Caelius
571 878 660 919 Cal.
695 877 927 920 Franciseo
960 878 1169 932 Episcopo
1208 878 1464 922 Cenadz‘ensi
1501 879 1543 922 S.

239 974 374 1023 Quom
409 987 455 1015 se
488 974 591 1015 mihi
615 974 717 1015 certi
750 974 885 1015 nuntii
914 975 1083 1016 occasio
1114 974 1326 1026 obtulerit,
1348 975 1463 1016 nolui
1483 989 1607 1029 prae-

119 1047 365 1097 termittere,
401 1046 500 1098 quin
532 1046 584 1086 D.
620 1046 667 1086 T.
705 1045 885 1087 salutem
919 1045 1118 1095 dicerem,
1154 1047 1277 1098 eique
1314 1052 1494 1087 testarer
1519 1060 1604 1088 me—

120 1118 293 1158 moriam
327 1117 468 1158 adhuc
513 1117 604 1157 eius
638 1116 938 1157 observantiae
973 1123 1170 1157 constare
1217 1116 1331 1170 apud
1364 1130 1446 1168 me,
1481 1131 1604 1170 quam

119 1188 160 1228 in
192 1187 315 1228 Italia
349 1201 442 1229 cum
465 1201 518 1228 ea
537 1187 738 1228 contraxi.
772 1187 863 1241 Ego
889 1187 999 1228 enim
1022 1188 1092 1228 ille
1124 1186 1295 1228 Caelius
1318 1188 1608 1229 Ferrariensis

121 1272 226 1303 sum.
261 1259 331 1311 qui
365 1272 457 1299 eam
492 1258 666 1312 saepius
700 1271 752 1298 ex
785 1258 919 1300 oculis
951 1258 1217 1299 laborantem
1247 1259 1521 1300 illustrissimi
1553 1259 1605 1300 D.

121 1329 359 1370 Cardinalis
382 1329 605 1382 Agriensis
628 1329 797 1370 nomine
822 1329 1028 1379 salutavi;
1063 1342 1189 1381 quem
1212 1329 1284 1370 illa
1306 1337 1393 1371 tam
1417 1330 1606 1381 comiter,

119 1407 205 1460 tam
238 1400 423 1454 benigne
459 1400 715 1454 excipiebat,
762 1407 806 1441 ut
838 1414 1054 1453 nunquam
1101 1406 1187 1441 tam
1228 1401 1480 1442 excellentis
1515 1401 1607 1441 eius

119 1462 173 1512 in⁸
188 1485 255 1512 me
276 1471 551 1513 humanitatis
575 1471 815 1513 recordatio
841 1472 894 1512 sit
914 1472 1229 1513 intermoritura
1250 1504 1258 1511 .
1282 1505 1288 1511 .
1314 1506 1321 1513 .
1347 1470 1394 1525 (F
1399 1472 1608 1525 elajanlja

118 1543 219 1584 neki
253 1542 551 1596 szolgalatait.)
576 1575 583 1581 .
607 1576 642 1583 ..
677 1543 796 1596 Rogo
831 1543 958 1583 etiam
991 1549 1036 1584 ut
1067 1542 1291 1584 Nicolaum
1314 1543 1606 1596 praesentium

119 1613 385 1655 tabellarium
421 1627 517 1654 mea
549 1627 681 1655 causa
705 1613 1047 1655 commendatum
1071 1613 1231 1654 habere
1255 1613 1368 1654 velit.
1406 1613 1609 1655 Calendis

59 1706 63 1709 -
122 1683 332 1726 Octobris.
367 1682 757 1738 M.D.XXV111.(1)
790 1685 932 1738 Agria.

374 1828 411 1868 p.
446 1812 514 1856 93.
567 1813 738 1855 Caelius
777 1813 863 1855 Cal.
897 1814 1052 1856 Jacobo
1086 1814 1277 1870 Zieylero
1312 1814 1353 1856 S.

240 1908 284 1950 Si
317 1908 501 1949 animum
532 1909 752 1951 induxeris
785 1917 830 1950 ut
863 1909 918 1950 ad
951 1923 1029 1951 nos
1063 1911 1227 1961 venias,
1266 1912 1415 1964 rogavi
1447 1911 1606 1964 Pytha-

120 1992 265 2032 goram
311 1981 444 2020 virum
486 1981 687 2034 optimum
724 1987 765 2022 et
799 1980 899 2021 mihi
932 1994 1095 2022 summo
1140 1994 1284 2023 amore
1318 1981 1605 2032 coniunctum,

121 2051 187 2092 cui
220 2050 275 2091 ad
307 2058 348 2091 te
382 2051 621 2104 nuperrime
654 2051 801 2093 literas
836 2051 949 2103 dedi,
982 2065 1077 2093 meo
1110 2053 1281 2094 nomine
1305 2066 1476 2107 operam
1499 2052 1608 2094 faxit

119 2128 164 2162 ut
196 2128 237 2163 te
262 2135 407 2163 secum
431 2121 629 2163 adducat.
667 2122 737 2164 Sic
761 2123 872 2164 enim
895 2130 936 2164 et
960 2124 1179 2165 securitati
1202 2131 1302 2166 tuae
1326 2130 1368 2165 et
1391 2123 1607 2165 desiderio

120 2206 214 2234 meo
248 2193 485 2234 consultum
520 2194 695 2247 putabo.
729 2194 849 2246 Vale,
885 2203 927 2235 et
950 2201 994 2235 ut
1024 2202 1065 2236 te
1088 2208 1213 2248 quam
1237 2196 1417 2249 primum
1446 2195 1608 2250 perfrui

121 2263 282 2318 possim
315 2264 491 2305 enitere.
528 2264 705 2307 Calend.
731 2265 935 2307 Decemb.
970 2265 1304 2309 M.D.XXVHI.
1330 2264 1372 2320 (1)
1405 2268 1546 2320 Agria.

359 2420 396 2459 p.
429 2404 498 2449 94.
550 2405 658 2447 Cael.
701 2406 787 2448 Cal.
825 2406 1039 2448 Timotheo
1072 2407 1289 2449 Manardo
1324 2408 1368 2450 S.

240 2502 363 2551 Quod
395 2509 439 2543 tu
474 2516 565 2543 cum
600 2503 757 2557 optimo
792 2510 970 2557 parente
992 2504 1216 2546 incolumis
1249 2504 1486 2546 Ferrariam
1512 2517 1607 2558 per-

119 2573 302 2623 veneris,
337 2573 506 2626 gaudeo
532 2580 572 2614 et
593 2575 794 2627 gratulor.
829 2575 884 2615 Di
916 2574 1053 2615 faxint
1086 2582 1130 2615 ut
1163 2588 1296 2629 prope
1330 2575 1441 2616 diem
1476 2574 1608 2628 (quod

120 2644 302 2685 futurum
339 2643 482 2697 spero)
516 2645 637 2686 vobis
671 2645 766 2687 istic
798 2645 1006 2699 perfruar,
1052 2652 1096 2686 ut
1128 2646 1277 2687 Budae
1313 2647 1411 2687 olim
1445 2645 1606 2687 svavis-

121 2716 225 2756 sime
260 2715 520 2769 perfruebar.
555 2715 662 2756 Nam
697 2717 809 2769 quod
842 2717 1033 2758 nonnulli
1066 2730 1132 2758 me
1155 2717 1345 2771 proxime
1375 2717 1606 2758 rediturum

122 2792 398 2839 augurantur,
432 2793 477 2826 ut
509 2791 650 2827 votum
685 2800 824 2828 meum
858 2793 1083 2836 testantur,
1118 2794 1159 2828 et
1191 2788 1294 2828 laeti
1327 2788 1478 2829 ominis
1512 2788 1609 2829 loco

122 2870 219 2898 esse
252 2857 377 2897 velim
409 2891 417 2899 .
447 2890 454 2896 .
487 2892 494 2899 .
529 2856 682 2898 Notam
717 2865 923 2913 acceptae
957 2859 1167 2912 pecuniae
1211 2872 1294 2900 non
1329 2858 1429 2900 dedi
1462 2858 1517 2900 ad
1550 2865 1607 2910 te,

122 2927 235 2980 quod
279 2928 467 2969 Thomas
500 2928 684 2970 nondum
720 2943 813 2970 eam
848 2943 1053 2970 summam
1087 2930 1352 2984 persolverit,
1400 2943 1526 2982 quam
1561 2942 1607 2971 se
