1955 3278
68 517 139 553 440

69 873 140 907 445

71 1228 142 1262 450

73 1583 143 1618 455

76 1938 145 1973 460

76 2294 146 2328 465

79 2647 150 2683 470

188 296 291 346 Quis
324 297 441 338 furor
473 302 539 338 est
563 296 722 339 domini
757 296 870 349 quod
891 309 966 338 vos
992 296 1207 338 discordia
1230 309 1440 351 praeceps

245 367 396 419 Vexat,
430 374 472 409 et
504 367 683 409 infoelix
714 367 900 408 invidiae
938 366 1169 408 stimulus?

189 436 379 490 Quisque
413 451 514 479 suas
549 438 678 479 animi
710 438 840 478 nutrit
876 438 1107 479 certamine
1140 444 1299 492 partes,

248 508 442 550 Dissidet
474 509 718 563 impatiens,
751 508 933 550 foedera
965 509 1082 549 nulla
1113 514 1243 550 tenet.

187 579 296 621 Hinc
328 580 504 621 veniunt
536 580 667 630 rixae,
703 579 850 633 dispar
886 580 1100 621 sententia
1131 580 1261 633 vulgi,

248 649 465 691 Scinditur
497 656 539 691 et
574 664 753 703 regnum
785 663 872 704 pax
904 650 986 690 ruit
1019 656 1146 702 atque
1179 650 1300 692 fides.

188 722 279 763 Hoc
313 722 436 763 civile
469 721 650 775 nephas,
686 721 853 762 discors
886 721 994 762 haec
1027 734 1172 774 pugna
1205 722 1359 774 coegit,

249 792 432 846 Saepius
465 798 510 833 ut
542 792 727 846 patimur
761 792 935 846 publica
967 791 1136 842 damna,
1171 805 1311 833 neces.

190 863 370 917 Singula
403 863 684 916 compositam
718 869 891 904 servant
924 862 1157 903 animantia
1189 875 1340 915 pacem

247 934 300 974 Et
333 940 486 974 natura
520 947 598 974 suo
633 934 799 974 tramite
833 939 987 975 cuncta
1019 934 1139 987 regit.

189 1005 324 1047 Ursus
357 1005 411 1046 ab
445 1005 589 1046 ursino
621 1005 690 1046 vix
725 1018 912 1058 unquam
944 1004 1127 1045 laeditur
1159 1017 1315 1057 ungue,

248 1075 340 1117 Nec
372 1076 498 1130 lupus
530 1076 707 1117 infestat
741 1076 870 1117 dente
905 1076 973 1117 vel
1006 1089 1077 1116 ore
1110 1076 1267 1129 lupum.

190 1147 243 1188 Et
277 1160 354 1188 sua
388 1147 637 1189 consociant
670 1147 859 1188 hirsutos
892 1147 984 1188 iura
1016 1148 1178 1198 leones,

250 1218 343 1259 Nec
375 1218 457 1258 ruit
488 1218 531 1258 in
565 1218 771 1271 reliquam
806 1218 947 1259 bestia
980 1225 1133 1271 sponte
1166 1217 1314 1259 feram.

193 1288 264 1330 Sic
297 1289 511 1330 elementa
544 1302 666 1330 suum
700 1289 863 1331 faciunt
895 1289 1163 1341 retinentque
1196 1295 1400 1342 tenorem,

253 1360 421 1413 Perque
454 1361 571 1402 vices
604 1361 749 1401 lucent
783 1359 939 1413 sydera
971 1360 1087 1401 clara
1120 1373 1233 1401 suas.

191 1430 472 1483 Alternatque
507 1444 608 1471 suos
642 1431 818 1472 Phoebe
853 1444 948 1471 cum
982 1430 1110 1471 fratre
1145 1437 1324 1482 meatus,

253 1501 391 1551 Quum
425 1502 527 1542 dant
560 1501 824 1555 temporibus
857 1501 1016 1542 lumina
1049 1501 1229 1555 pulchra
1262 1502 1363 1544 suis.

195 1573 322 1615 Solus
354 1574 480 1615 homo
515 1574 667 1614 summi
700 1586 825 1626 quem
858 1573 1041 1614 numinis
1075 1578 1196 1614 ornat
1228 1573 1383 1627 imago,

252 1645 306 1685 Et
338 1645 445 1686 ratio
480 1645 643 1687 cunctis
677 1645 826 1685 extulit
860 1645 948 1685 alta
979 1644 1095 1686 feris.

192 1715 348 1758 Hostili
380 1716 542 1770 rapitur
574 1716 716 1769 posita
747 1716 913 1756 ratione
946 1716 1139 1766 tumultu,

251 1787 384 1840 Inque
419 1800 539 1828 suam
574 1787 762 1841 speciem
796 1787 933 1829 saevit
966 1792 1007 1827 et
1040 1800 1111 1827 ore
1145 1786 1257 1828 furit.

194 1855 228 1899 O
261 1857 387 1911 rigidi
419 1871 634 1912 procereS,
669 1871 742 1899 cur
774 1871 849 1900 vos
883 1858 1019 1899 malus
1053 1857 1228 1899 abstulit
1263 1856 1412 1899 error‘?

254 1929 492 1982 Vestraque
526 1942 599 1971 cur
630 1929 749 1971 rabie
783 1929 921 1970 tristia
953 1928 1081 1970 corde
1116 1934 1278 1970 tument
1292 1928 1313 1969 ἱ)

193 2001 419 2053 Nunquam
453 2000 675 2042 discordes
709 2000 923 2041 Thurcam
958 2013 1161 2054 superare
1194 1999 1388 2054 potestis,

253 2071 481 2124 Nunquam
515 2072 575 2113 sic
611 2072 804 2126 proprios
837 2085 918 2113 nec
949 2078 1095 2112 tueare
1128 2070 1260 2112 focos.

194 2142 340 2184 Perdit
373 2143 485 2184 enim
519 2156 700 2196 magnas
736 2142 872 2184 divisa
906 2142 1098 2196 potentia
1130 2142 1255 2193 vires,

252 2213 436 2256 Fervida
469 2213 569 2255 dum
602 2214 729 2255 fuerit
767 2226 921 2268 sparsa
954 2212 1137 2267 tepescit
1170 2226 1295 2265 aqua.

197 2284 437 2326 Ambitiosa
469 2285 589 2327 brevi
623 2285 838 2326 discordia-
872 2284 1052 2325 destruit
1084 2284 1202 2333 hora,

257 2353 411 2396 Omnia
444 2369 553 2409 quae
587 2356 717 2397 multo
751 2361 874 2410 parta
907 2355 1052 2396 labore
1086 2355 1244 2408 vigent.

197 2425 268 2468 Sic
300 2432 445 2468 ternos
478 2428 666 2468 moriens
700 2433 824 2468 natos
859 2426 1051 2480 Micypsa
1083 2425 1297 2476 monebat,

256 2496 291 2539 O
326 2511 546 2551 nunquam
579 2498 754 2539 memori
787 2497 914 2539 corde
948 2496 1130 2538 cadente
1164 2509 1308 2538 senex.

196 2568 458 2622 Pervulgata
490 2569 605 2622 viget
638 2568 772 2610 nostri
807 2567 1021 2609 sententia
1055 2566 1224 2608 Christi.

259 2639 460 2681 Divinum
492 2653 671 2693 regnum
705 2639 914 2681 seditione
948 2639 1042 2680 ruit.

200 2709 271 2751 Sic
304 2711 401 2752 olim
435 2711 589 2752 cecidit
624 2710 894 2752 discordibus
929 2712 1066 2750 excita
1098 2709 1234 2758 bellis,

259 2780 476 2835 Carthago
510 2781 687 2835 Libyae,
727 2781 912 2823 culmina
947 2781 1076 2831 celsa,
1108 2780 1242 2821 Lares

201 2850 385 2905 Oppida,
419 2853 480 2894 sic
514 2866 650 2902 arces,
685 2853 745 2894 sic
780 2852 886 2893 Ilion
919 2852 1072 2904 ingens

261 2922 439 2973 Corruit,
474 2934 514 2965 et
549 2924 706 2965 Priami
738 2924 858 2977 regia
890 2923 1070 2977 pulchra
1104 2922 1231 2964 senis.

1487 152 1555 187 261
