1898 3278
244 130 311 163 104

245 287 351 324 mus,
385 280 430 314 ut
463 286 556 314 cum
604 271 806 313 Livianos
852 272 1065 325 spatiosos
1099 284 1274 324 campos
1316 283 1393 324 per
1425 270 1732 324 occupationes

245 345 364 386 adire
410 358 494 385 non
527 345 702 398 poteris,
749 343 914 384 habeas
950 343 1101 383 saltem
1141 342 1297 382 Rufum
1329 341 1441 383 hunc
1472 342 1625 396 ipsum,
1661 341 1732 394 qui

246 424 287 457 te
322 415 446 457 unius
491 415 623 457 horae
670 415 810 456 studio
857 414 1056 467 quicquid
1102 426 1289 465 unquam
1322 413 1526 454 memoria
1557 412 1733 466 dignum

246 501 271 528 a
293 487 495 529 Romanis
515 493 682 540 gestum
708 493 787 535 est,
820 486 926 527 mira
949 484 1133 537 quadam
1159 484 1370 525 svavitate
1402 483 1577 526 reficiat.
1611 483 1734 533 Vale,

247 558 441 600 Viennae
474 559 738 609 Pannoniae,
772 556 908 613 pridie
941 556 1088 597 Nonas
1119 554 1313 596 Januarii
1348 553 1473 597 1518.

246 755 491 793 Eustachii
519 755 716 792 Candidi
754 756 1063 793 Bononiensis
1090 755 1306 793 canonici
1337 755 1582 803 Regularis
1608 754 1737 791 Judi-

250 821 382 858 cium.
422 821 547 858 Anni
585 822 641 857 M.
660 820 1049 857 CCCCLXXXVI.
1095 821 1170 857 Ad
1203 820 1557 858 Serenissimum
1591 831 1644 856 ac
1672 819 1736 855 in-

295 887 608 923 victissimum
633 887 863 923 Mathiam
889 886 1126 934 Ungariae
1160 886 1445 933 Bohemique
1471 887 1659 933 Regem.
1677 886 1687 906 ¹

368 998 669 1040 Consideranti
692 997 806 1049 mihi,
832 997 1105 1038 serenissime
1130 1011 1180 1038 ac
1202 997 1480 1039 invictissime
1498 1011 1587 1048 rex,
1605 997 1739 1038 nemi-

248 1084 344 1112 nem
377 1070 467 1111 fato
508 1070 654 1111 nescio
701 1083 783 1122 quo
816 1069 942 1110 huius
980 1069 1114 1110 nostri
1156 1069 1360 1122 temporis
1399 1075 1739 1109 astronomorum

251 1142 459 1194 extitisse,
504 1141 574 1194 qui
617 1141 834 1182 Maiestati
879 1141 998 1182 Tuae
1044 1140 1253 1182 hactenus
1288 1140 1354 1181 sui
1385 1139 1547 1193 ingenii
1592 1153 1736 1181 monu—

247 1220 432 1255 mentum
467 1214 598 1254 ullum
633 1213 851 1263 dicaverit,
892 1213 972 1254 etsi
1005 1212 1248 1253 huiusmodi
1282 1211 1488 1254 scientiae
1522 1211 1663 1253 studio
1695 1218 1741 1252 te·

249 1285 457 1327 oblectari
490 1291 532 1325 et
565 1284 678 1326 omni
722 1284 889 1326 virtutis
935 1297 1094 1337 genere
1128 1290 1171 1325 te
1205 1297 1302 1325 esse
1340 1283 1578 1337 praeditum
1613 1295 1740 1324 nemo

248 1357 431 1410 ignoret,
478 1356 590 1409 quod
636 1357 697 1397 tui
740 1356 924 1397 nominis
965 1355 1215 1396 immortalis
1261 1368 1312 1396 ac
1356 1355 1558 1408 perennis
1603 1353 1742 1408 gloria

251 1434 486 1479 asseverat,
515 1452 571 1455 ἡ
599 1428 730 1469 statui
763 1427 969 1481 ingenioli
1004 1427 1138 1467 nostri
1175 1424 1414 1480 primitias2
1457 1439 1508 1466 ac
1545 1425 1741 1466 lucubra-

251 1500 465 1542 tiunculas
510 1500 740 1541 nonnullas
785 1498 840 1539 ad
886 1499 1157 1539 Maiestatem
1205 1495 1373 1538 Tuam-⁹⁵
1416 1497 1595 1538 mittere.
1644 1495 1740 1537 Non

252 1572 351 1624 quia
382 1573 478 1613 illas
525 1585 671 1613 sacras
704 1584 856 1612 manus
896 1569 1195 1611 substantiae4
1241 1569 1395 1623 dignas
1427 1575 1587 1623 putem,
1634 1581 1743 1621 quas

251 1644 524 1684 tumultuarie
558 1656 610 1684 ac
641 1655 717 1697 pro
741 1642 883 1683 tenuis
915 1641 1078 1695 ingenii
1100 1641 1305 1682 facultate
1329 1640 1590 1694 compositas
1611 1639 1743 1680 rudes

255 1722 297 1756 et
329 1715 513 1756 incultas
547 1728 644 1756 esse
690 1727 775 1756 non
809 1727 901 1754 sum
934 1713 1121 1763 nescius,
1170 1711 1247 1753 sed
1279 1718 1325 1752 ut
1358 1718 1400 1753 et
1433 1711 1562 1752 animi
1601 1724 1742 1752 meae-

255 1801 335 1840 que
370 1800 473 1840 erga
516 1786 789 1827 Maiestatem
821 1785 956 1825 Tuam
990 1790 1227 1838 perpetuae
1273 1783 1574 1824 observantiae
1605 1789 1745 1823 testes

253 1859 398 1912 aliqua
430 1859 473 1899 in
505 1864 627 1912 parte
662 1870 762 1899 esse
795 1862 986 1911 possent,
1022 1869 1097 1897 eas
1131 1856 1465 1908 qualescumque
1494 1848 1743 1896 destinare5

252 1931 388 1972 visum
423 1936 488 1971 est
521 1937 563 1970 et
596 1929 737 1983 potius
769 1928 1024 1969 temeritatis
1058 1941 1108 1969 ac
1140 1926 1409 1980 ignorantiae
1454 1925 1556 1967 vitio
1589 1925 1667 1966 abs
1700 1932 1745 1966 te

255 2002 473 2044 accusari:
521 2014 649 2054 quam
682 2000 852 2041 silentio
885 1998 1174 2053 pretereundo
1213 2010 1298 2039 non
1330 2010 1452 2038 meae
1487 1997 1744 2038 constantis-

254 2074 388 2116 simae
423 2073 638 2115 servitutis
672 2085 775 2125 erga
808 2070 1077 2111 Maiestatem
1110 2069 1245 2109 Tuam
1278 2075 1459 2121 tuosque
1493 2081 1640 2109 omnes
1669 2068 1744 2108 im-

255 2145 476 2187 mortalem
524 2144 652 2185 animi
685 2143 885 2184 affectum
919 2150 1112 2195 apertum
1147 2141 1209 2181 iri.
1262 2140 1348 2182 Sed
1380 2153 1433 2180 ne
1466 2141 1659 2193 longiore
1693 2152 1745 2180 ac

255 2217 417 2258 inculta
438 2216 630 2257 oratione
655 2227 782 2255 aures
802 2213 922 2254 Tuae
943 2212 1255 2254 Serenissimae
1273 2212 1511 2253 Maiestatis
1530 2210 1745 2252 offendam

255 2288 310 2329 ad
342 2302 430 2329 rem
462 2288 600 2341 ipsam
635 2284 908 2326 descendam.

514 2402 707 2458 (f01.2a).
740 2402 808 2444 De
840 2401 1108 2444 serco'zz'ssz'wzo
1139 2400 1329 2455 Unqaric
1361 2401 1488 2457 Reye.

375 2502 467 2542 Rex
499 2501 555 2541 mi
586 2500 629 2540 in
653 2504 874 2540 aeternum
896 2498 1003 2539 vive.
1043 2497 1108 2537 Tu
1139 2510 1215 2537 rex
1241 2510 1388 2550 regum
1409 2497 1451 2537 in
1472 2496 1586 2537 bello
1613 2496 1748 2537 victor

258 2573 341 2614 eris
367 2579 408 2614 et
430 2572 685 2619 fortunatus,
704 2569 933 2610 dominium
954 2581 1153 2620 magnum
1173 2567 1355 2609 habebis
1372 2573 1547 2622 propter
1568 2573 1747 2608 mortem

257 2643 527 2698 imperatoris
551 2642 604 2683 ob
627 2640 968 2683 coniunctionem
986 2639 1099 2680 Iovis
1124 2637 1295 2680 Saturni
1318 2645 1360 2680 et
1381 2639 1528 2680 Martis
1544 2638 1588 2679 in
1610 2638 1748 2692 prima

261 2714 521 2769 Capricorni.
568 2713 756 2754 Dubium
786 2718 852 2752 est
881 2711 934 2751 de
969 2710 1066 2759 filio,
1103 2723 1156 2750 ne
1190 2710 1363 2763 aliquod
1396 2709 1748 2764 impedimentum

380 2854 390 2874 ¹
410 2844 730 2899 dsnyomtatvany
745 2862 764 2885 a
778 2850 953 2894 bolognai
967 2853 1139 2893 egyetem
1154 2850 1442 2894 ko'nyvtaraban.
1474 2849 1486 2867 ²
1504 2848 1691 2893 permitias
1709 2848 1747 2882 C.

260 2915 272 2932 ‘³
299 2919 386 2949 tuan
417 2914 452 2948 C.
497 2915 509 2934 4
535 2912 635 2947 talan
662 2912 909 2947 sacratissima
935 2908 1127 2943 Maiestate
1162 2910 1270 2944 Tua:>
1316 2909 1328 2928 ³
1354 2909 1538 2944 destinate
1569 2908 1605 2942 C.
