1898 3278
1516 135 1562 169 37

80 277 285 320 Ludovici
330 291 381 319 ac
412 277 586 328 Mariae,
631 283 816 329 ‘maeque
849 277 1086 318 Maiestatis
1125 277 1257 318 multo
1291 284 1390 317 ante
1423 277 1562 318 triduo

80 349 267 397 exaravi,
300 355 346 389 ut
378 347 501 388 hilari
533 348 652 389 vultu
679 347 883 401 accipias,
906 360 1009 400 rogo
1038 353 1167 400 atque
1201 347 1407 401 supplico.
1442 347 1564 389 Haec

79 420 191 461 enim
224 419 260 459 si
291 418 368 460 tibi
399 418 616 471 placuisse
648 417 898 470 intelligam,
933 417 1073 469 siquid
1106 418 1277 459 dabitur
1306 418 1402 469 ocii,
1434 418 1563 460 rebus

80 504 106 531 a
148 496 191 530 te
239 489 458 543 sapienter
508 488 758 541 fortiterque
806 488 941 541 gestis
987 489 1250 542 praelusisse
1292 489 1562 530 videbuntur.

79 560 252 602 Interim
286 565 328 600 et
359 565 459 600 tuae
493 558 731 600 Maiestatis
753 564 795 599 et
818 558 1054 599 dulcissimi
1075 558 1147 599 filii
1175 559 1425 600 felicitatem
1448 564 1561 612 opto.

81 632 145 672 Tu
177 638 222 671 ut
253 629 314 670 illi
346 629 418 670 diu
441 635 661 683 superstes
695 629 767 681 sis,
799 629 870 670 ille
894 630 954 669 tui
987 629 1135 670 similis
1158 636 1200 670 et
1222 630 1334 671 vitae
1360 630 1565 670 institutis

81 707 123 742 et
148 715 286 743 rerum
319 707 538 754 gestarum
568 700 704 754 gloria
724 700 930 742 videatur.
965 700 1042 741 His
1067 700 1255 741 breviter
1278 700 1402 741 dictis
1434 700 1564 741 versi-

80 773 198 813 culos
251 785 344 813 cum
396 772 581 825 epistolii
631 772 900 826 praefatione
959 771 1093 813 obtuli
1145 771 1564 823 subscribendosque

80 843 240 897 putavi.

341 913 624 954 Serenissimo
669 913 856 967 Principi
894 913 1112 954 Vladislao
1146 913 1347 954 Boemiae
1382 919 1423 953 et
1454 913 1564 953 Pan-

338 984 493 1025 noniae
550 984 659 1037 Regi
711 983 944 1025 Riccardus
995 984 1269 1024 Bartholinus
1331 984 1566 1024 Aetruscus

339 1054 601 1096 felicitatem.

199 1186 254 1227 Ut
287 1185 431 1238 aliqua
461 1185 504 1226 in
537 1191 658 1239 parte
693 1184 908 1226 salutandi
940 1183 1094 1235 officio,
1130 1183 1243 1236 quod
1271 1184 1387 1237 apud
1407 1184 1566 1224 Persas

78 1256 444 1310 peculial-issimus
495 1255 586 1307 fuit,
637 1255 839 1308 fungerer
890 1269 993 1308 erga
1038 1261 1093 1304 te,
1149 1254 1431 1296 Serenissime
1474 1254 1566 1294 Rex

78 1327 312 1377 Vladislae,
358 1340 467 1380 quae
501 1326 639 1368 triduo
673 1340 698 1367 a
730 1340 796 1367 me
833 1332 875 1367 et
907 1326 1173 1379 tempusculo
1219 1324 1399 1367 subinde
1438 1325 1566 1365 inter-

81 1399 240 1452 polato,
273 1398 315 1438 in
359 1398 626 1440 matrimonio
674 1397 1052 1439 Serenissimorum
1085 1397 1321 1451 principum
1360 1395 1568 1437 Ludovici

82 1476 124 1510 et
145 1469 306 1510 Mariae
340 1467 470 1522 (quod
491 1469 681 1510 faustum
703 1468 891 1521 felixque
914 1466 1003 1522 fiet)
1030 1468 1299 1518 effluxerunt,
1321 1474 1419 1508 tuae
1444 1467 1567 1507 celsi—

82 1539 219 1581 tudini
253 1539 474 1581 offerenda
507 1540 666 1581 censui.
700 1540 829 1592 Atqui
862 1553 1033 1581 carmen
1065 1539 1107 1579 in
1127 1539 1297 1579 laudem
1330 1538 1438 1578 tanti
1469 1551 1566 1579 con-

83 1611 187 1664 iugii
208 1610 414 1651 maturius
432 1610 617 1652 fortasse
641 1623 795 1651 censes
820 1624 845 1651 a
862 1623 929 1651 me
955 1617 1175 1651 exaratum
1198 1609 1346 1660 fuisse,
1371 1615 1568 1663 oportere

81 1680 197 1722 haud
230 1681 422 1735 profecto
445 1681 620 1732 inficior,
656 1681 734 1722 sed
756 1682 921 1722 laetitia
953 1695 1079 1734 quam
1103 1694 1155 1721 ex
1177 1687 1388 1721 tantorum
1415 1679 1568 1733 princi-

81 1766 183 1806 pum
215 1752 384 1793 futurae
418 1753 658 1806 hymenaeo
692 1766 989 1806 conceperam,
1022 1753 1081 1793 ita
1104 1752 1338 1803 afficiebar,
1368 1758 1412 1791 ut
1435 1751 1569 1791 multa

82 1829 390 1874 succurrerent,
410 1836 520 1876 quae
543 1837 597 1864 ne
620 1823 722 1864 mihi
745 1823 916 1876 quidem
939 1823 1175 1877 impensius
1194 1823 1399 1875 cogitanti
1421 1822 1567 1863 oblata

80 1893 278 1946 fuissent⁷
325 1901 468 1935 tamen
512 1895 625 1936 hanc
663 1908 802 1935 meam
847 1894 1238 1940 mediatiunculam,
1285 1907 1394 1946 quae
1441 1906 1568 1946 quam

82 1964 222 2005 tenuis
247 1965 301 2005 sit
327 1978 412 2006 non
436 1965 602 2018 ignoro,
629 1965 734 2006 satis
759 1965 1012 2018 placituram
1044 1965 1226 2006 caeteris
1253 1964 1502 2017 intelligam,
1532 1963 1569 2004 si

82 2042 140 2085 tu,
164 2035 469 2077 iucundissime
491 2036 582 2076 Rex
600 2042 755 2090 pacato
778 2036 896 2076 vultu
918 2036 1135 2089 accipiens
1159 2049 1242 2076 non
1261 2035 1566 2089 aspernabere.

342 2130 536 2183 Idyllium
570 2130 610 2170 in
635 2130 902 2171 Matrimonio
927 2130 1137 2171 Sereniss.
1161 2130 1405 2184 Principum
1428 2129 1568 2170 Ludo-

342 2200 424 2241 vici
456 2201 585 2253 Regis
620 2214 670 2241 ac
702 2201 862 2241 Mariae
895 2201 1099 2254 Reginae.
1145 2198 1273 2255 [negy
1306 2198 1466 2254 folium]
1492 2233 1499 2239 .
1524 2234 1531 2241 .
1558 2234 1566 2241 .

200 2330 350 2382 Itaque
395 2330 526 2371 hosce
559 2331 796 2371 versiculos
831 2343 924 2370 cum
958 2330 1221 2381 obtulissem,
1262 2330 1427 2372 Adoros
1464 2327 1566 2383 [igy]

84 2400 184 2452 abii,
217 2414 372 2454 nugae,
418 2415 516 2442 nam
548 2401 784 2455 principum
830 2401 946 2441 fores
978 2401 1160 2455 pedibus
1195 2400 1255 2454 (ut
1289 2400 1438 2453 aiunt)7
1483 2413 1569 2441 non

84 2471 280 2512 manibus
312 2471 560 2525 pultandae.
582 2471 594 2493 ¹

205 2762 215 2782 ¹
242 2763 275 2796 A
302 2762 473 2807 margon:
509 2763 683 2805 „Damnat
709 2763 896 2807 Principes
923 2763 976 2797 sui
1003 2764 1211 2807 temporis“.
