1919 3273
321 105 391 139 424

320 249 380 290 tui
399 247 555 290 finibus
579 250 862 302 continentur,
882 257 929 292 ut
952 259 1094 294 autem
1112 253 1369 294 Dinocrates
1391 253 1462 294 1116
1486 254 1641 296 nobilis
1663 255 1811 297 Archi-

319 326 458 362 tectus
490 320 702 362 Herculeo
736 335 833 364 sese
869 323 1018 365 habitu
1051 325 1117 365 ius
1151 324 1311 366 dicenti
1355 325 1507 366 obtulit
1549 326 1809 379 Alexandro,

319 405 498 444 cumque
532 405 578 434 se
612 393 897 446 cogitationes
931 408 982 437 ac
1014 395 1175 437 formas
1209 395 1363 437 afferre
1396 396 1548 449 dignas
1582 397 1655 438 illo
1688 410 1808 451 rege,

317 462 517 505 videlicet
549 463 661 505 Atho
688 472 875 506 montem
897 472 1038 508 statue
1061 467 1194 508 virilis
1219 467 1363 520 effigie
1385 467 1655 521 figurandum
1678 467 1808 510 docu-

315 534 434 585 isset,
479 535 539 575 ita
582 535 745 589 regiam
790 537 1207 579 commendationem
1255 538 1457 580 videlicet
1503 537 1687 593 adeptus
1727 545 1804 581 est.

315 605 431 646 Idem
467 606 569 647 mihi
616 620 695 660 ego
730 620 897 661 quoque
930 622 1010 649 usu
1056 615 1278 650 venturum
1325 609 1497 663 speravi
1527 623 1603 651 rex
1634 623 1807 664 magne,

316 676 351 717 si
384 690 459 731 pro
482 677 619 719 leonis
651 678 765 732 pelle
798 692 883 720 non
908 679 1134 721 obscuram
1168 680 1371 731 indolem,
1405 693 1481 734 pro
1509 681 1633 722 clava
1655 678 1699 735 (!)
1721 694 1806 723 non

315 748 544 790 absurdum
588 749 808 803 ingenium
853 764 930 805 pro
979 764 1137 793 corona
1180 752 1379 806 populea,
1427 765 1511 792 non
1543 752 1805 794 incelebrem

314 819 505 862 doctrine
538 820 892 873 mediocritatem,
926 836 1002 877 pro
1035 829 1158 864 vaste
1190 823 1303 864 illius
1336 823 1460 864 molis
1495 823 1805 877 compositione

312 891 569 945 multiplices
613 892 691 934 tibi
731 893 876 947 lingue
925 894 1146 947 utriusque
1191 893 1352 947 figuras
1398 894 1664 936 obtulissem.
1712 894 1805 938 Nec

313 962 424 1003 enim
469 963 605 1005 minor
649 965 799 1017 quovis
844 965 1090 1007 Architecto
1135 965 1351 1019 putandus
1398 965 1468 1019 qui
1513 966 1666 1007 studiis
1709 966 1805 1008 istis

310 1033 560 1076 liberalibus
594 1036 807 1088 claruerit,
842 1037 924 1078 nisi
956 1037 1066 1078 forte
1100 1037 1269 1078 diutius.
1303 1036 1513 1078 Marmora
1541 1044 1583 1079 et
1606 1044 1805 1079 cementa

309 1105 510 1147 restitura
533 1104 578 1160 (1)
610 1108 815 1149 vetustati
849 1121 974 1161 quam
1011 1106 1095 1162 [fol.
1124 1107 1224 1163 5912]
1259 1108 1496 1150 litterarum
1529 1117 1803 1149 monumenta

309 1175 573 1219 confidimus.
619 1178 710 1220 Nec
742 1185 786 1220 tu
819 1179 1013 1234 profecto
1052 1180 1280 1222 Macedoni
1312 1179 1557 1221 Alexandro
1596 1177 1667 1233 (sit
1698 1193 1802 1221 vero

307 1246 453 1303 venia)
485 1248 575 1290 iure
610 1251 795 1292 cesseris
829 1251 991 1292 mathia
1017 1252 1110 1293 Rex
1133 1265 1210 1293 seu
1232 1252 1434 1293 victorias
1459 1251 1550 1292 eius
1572 1264 1649 1292 seu
1669 1251 1799 1293 bene-

307 1318 523 1362 ficentiam
556 1322 819 1365 consideres.
855 1322 947 1373 Que
981 1323 1064 1365 duo
1100 1324 1237 1378 prima
1269 1329 1433 1364 tantum
1456 1323 1499 1363 in
1519 1335 1622 1375 rege
1644 1321 1801 1364 fautrix

307 1390 482 1432 miratur
514 1393 772 1446 antiquitas:
807 1395 890 1436 nisi
922 1395 1034 1436 forte
1068 1395 1293 1436 credemus
1325 1394 1493 1435 Arabas
1525 1393 1656 1435 Iudos
1694 1393 1798 1434 Ara-

306 1462 470 1504 menios
504 1463 721 1506 Chaldeos
754 1466 1014 1507 molissimas
1046 1466 1438 1519 fugacissimasque
1466 1471 1619 1519 gentes
1641 1464 1796 1506 labori-

306 1533 422 1575 osius
454 1535 567 1576 vinci
600 1548 726 1588 quam
760 1537 954 1579 Thurcos
989 1544 1031 1579 et
1063 1537 1222 1590 Mysios
1257 1543 1298 1578 et
1328 1537 1556 1587 Triballos,
1581 1542 1623 1577 et
1642 1536 1796 1578 Illirios

305 1611 347 1647 et
379 1605 591 1648 Liburnos
625 1614 666 1649 et
698 1608 899 1650 Boemios
947 1615 988 1650 et
1021 1609 1183 1650 Rhetos
1217 1616 1259 1650 et
1291 1608 1564 1650 Vindelicos:
1612 1614 1654 1649 et
1687 1607 1797 1648 alias

303 1677 359 1718 ite
392 1677 488 1731 plus
522 1691 620 1719 esse
655 1685 853 1732 putamus
888 1680 1002 1733 quod
1033 1694 1162 1721 unum
1197 1687 1269 1722 aut
1302 1680 1481 1722 alterurn
1516 1679 1691 1721 donavit
1722 1679 1795 1720 ille

302 1749 413 1790 bene
437 1748 490 1790 de
515 1762 561 1790 se
585 1750 746 1792 meritis
768 1750 1010 1793 hominibus
1035 1751 1240 1806 oppidum
1259 1765 1385 1805 quam
1405 1750 1519 1804 quod
1539 1751 1583 1792 in
1607 1750 1793 1792 omnium

300 1833 412 1874 pene
447 1820 564 1862 sinus
593 1835 871 1875 quoscunque
895 1822 973 1864 dos
999 1823 1142 1875 aliqua
1164 1823 1327 1876 ingenii
1346 1823 1582 1875 virtuisque
1606 1819 1651 1875 (1)
1674 1822 1792 1863 nobi-

298 1891 420 1932 litate
466 1905 488 1933 e
520 1892 604 1934 tuis
651 1893 745 1934 istis
790 1893 1016 1935 beneficiis
1061 1894 1258 1936 manibus
1304 1894 1427 1947 quasi
1472 1906 1662 1948 perenne
1701 1892 1793 1934 fluit

300 1976 447 2004 aurum
494 1976 664 2019 semper
695 1971 741 2006 ut
773 1979 886 2018 aqua
919 1965 972 2007 de
1005 1965 1195 2007 fontibus
1229 1971 1272 2007 et
1302 1965 1346 2006 in
1378 1966 1604 2006 maximam
1644 1964 1793 2006 venire

298 2034 381 2076 iam
415 2036 683 2088 questionem
710 2037 825 2090 cepit
846 2037 963 2078 illud.
1004 2036 1124 2079 Unde
1147 2050 1246 2078 nam
1270 2037 1347 2078 tibi
1369 2043 1490 2078 tanta
1511 2036 1595 2077 ista
1616 2042 1792 2089 tamque

296 2106 556 2148 inexhausta
601 2107 844 2149 divitiarum
896 2109 1021 2162 copia
1073 2109 1134 2150 sic
1185 2108 1381 2150 omnibus
1433 2121 1568 2161 usque
1621 2121 1790 2161 quaque

296 2177 497 2231 largienti
542 2192 799 2232 quamquam
842 2179 971 2221 facile
1017 2194 1042 2221 a
1081 2179 1365 2234 prudentibus
1410 2179 1662 2233 intelligitur
1706 2192 1788 2232 que

296 2249 489 2303 plerique
522 2250 593 2290 alii
625 2251 842 2305 principes
874 2251 917 2291 in
951 2264 1052 2292 suas
1087 2251 1346 2305 cupiditates
1380 2264 1432 2292 ac
1463 2250 1664 2292 libidines
1692 2263 1788 2304 pro-

295 2319 492 2372 fundunt,
527 2334 579 2362 ea
612 2328 653 2363 te
688 2328 853 2363 tantum
888 2322 956 2364 vel
989 2323 1032 2363 in
1066 2321 1329 2363 edificiorum
1362 2322 1654 2364 nobilissimas
1689 2321 1787 2363 sub-

297 2392 552 2434 structiones
597 2394 666 2434 vel
698 2393 741 2434 in
773 2407 877 2435 usus
915 2395 1111 2448 publicos
1151 2395 1220 2436 vel
1251 2394 1293 2434 in
1326 2393 1438 2435 hanc
1482 2399 1699 2448 postremo
1733 2392 1789 2434 de·

296 2476 380 2516 qua
412 2477 525 2505 nunc
558 2465 724 2517 agimus
759 2465 1089 2507 beneficentiam
1123 2466 1329 2507 conferre.
1363 2464 1634 2519 Quapropter
1656 2464 1785 2506 vehe—

294 2542 459 2576 menter
492 2537 616 2589 cupio
637 2537 785 2578 labore
809 2537 951 2589 aliquo
975 2550 1070 2578 meo
1092 2543 1210 2578 tuam
1240 2536 1539 2578 celsitudinem
1563 2535 1786 2577 demereri.

295 2605 429 2660 Cupio
464 2607 615 2648 studiis
659 2608 920 2661 ingenioque
954 2621 1064 2659 meo7
1112 2608 1148 2649 si
1182 2608 1329 2649 detur:
1376 2606 1676 2649 commendare
1716 2619 1783 2647 me

291 2678 368 2719 tibi
411 2678 504 2719 Rex
546 2678 717 2720 invicte.
778 2678 861 2728 Qui
906 2679 984 2720 sim
1029 2692 1144 2729 vero,
1191 2691 1371 2731 quemve
1414 2678 1525 2718 inter
1572 2677 1786 2719 litteratos

290 2749 431 2790 locum
475 2756 671 2790 teneam:
719 2750 832 2790 malo
884 2749 1084 2802 equidem
1129 2763 1182 2791 ex
1226 2749 1403 2790 aliorum
1448 2749 1525 2790 tibi
1569 2762 1696 2802 quam
1729 2761 1783 2790 ex

291 2821 397 2861 meis
428 2820 609 2861 indicari
639 2820 798 2862 verbis.
844 2820 1029 2861 Tantum
1062 2820 1208 2862 dixero
1242 2834 1308 2861 me
1343 2820 1571 2861 Laurentis
1603 2818 1783 2860 medicis

291 2891 436 2944 magni
459 2891 756 2944 sapientieque
776 2889 818 2943 (1)
840 2891 918 2932 viri
941 2898 1106 2932 tuarum
1129 2892 1330 2932 virtutum
1354 2890 1672 2932 studiosissimi:
1695 2903 1781 2931 non
