1919 3273
314 106 387 143 366

532 251 755 293 Pulchrior
788 250 925 292 stellis
957 249 1137 291 Veneris
1168 247 1313 289 refixis

404 335 448 368 10
604 323 652 364 In
684 322 783 376 polo
817 327 950 373 66616,
986 320 1209 375 potiorque
1243 318 1378 372 signis

604 394 728 435 Nunc
761 393 853 434 dies
885 393 997 433 letos
1030 392 1121 433 0101
1152 389 1397 444 impetravit

666 465 748 505 Pro
783 463 891 505 duce
926 468 1057 504 tanto,

534 549 658 590 Hunc
691 548 775 588 mei
808 552 960 588 cantus
995 559 1177 600 operose
1212 545 1375 597 Regem

608 619 860 669 Concinunt,
896 617 1025 658 talem
1058 616 1209 657 melius
1242 614 1448 669 putando7

408 702 451 736 15
610 690 715 731 Cum
749 689 868 730 dabit
901 688 1063 729 maiora
1096 693 1225 741 poeta
1258 692 1387 728 cantu

668 761 841 802 Plectra
873 759 1025 800 soluto.

537 846 605 887 Me
637 844 761 886 vides
796 841 1123 884 circumvariata
1155 840 1259 882 flore

609 915 807 968 Agmina,
842 913 1003 955 ornatis
1035 912 1191 953 tunicis
1226 924 1409 963 sorores,

610 988 664 1029 Et
696 993 923 1028 coronatas
956 984 1079 1027 viridi
1112 984 1279 1037 puellas

413 1071 460 1105 20
678 1058 847 1099 Fronde
883 1057 1048 1098 sedere.

542 1144 657 1185 Inter
688 1142 769 1183 has
802 1140 921 1182 mixti
953 1139 1075 1181 violis
1108 1138 1289 1180 revincti

615 1213 763 1256 Omnis
797 1212 968 1254 exultim
1004 1210 1165 1265 pariter
1195 1210 1395 1251 iuventus

613 1285 667 1326 Et
699 1285 839 1326 10611111
872 1288 1067 1337 prestant
1099 1280 1221 1335 pueri
1253 1280 1457 1334 pharetra

673 1356 828 1397 Nobile
863 1353 1033 1407 compti.

414 1451 458 1485 25
545 1440 676 1482 Veste
709 1437 881 1480 reiectis
914 1436 1102 1478 humeris
1136 1434 1291 1488 cupido

616 1510 813 1552 Crinibus
845 1508 1024 1563 pulcher
1056 1520 1210 1549 crocea
1240 1506 1434 1557 resultat7

617 1582 787 1624 Gaudet
821 1586 863 1622 et
894 1579 1035 1634 plenis
1068 1578 1233 1629 iaculis,
1269 1576 1515 1631 pharetram

675 1652 874 1694 Tendere
909 1657 951 1692 et
984 1664 1142 1691 arcum.

545 1737 687 1791 Iungit
721 1741 892 1790 optatas
924 1735 1115 1775 renitens
1149 1732 1330 1775 choreas

417 1820 461 1855 30
618 1809 671 1850 Et
704 1812 829 1862 parat
860 1807 992 1847 multo
1026 1802 1239 1847 violentus
1272 1803 1362 1857 igni

616 1880 714 1921 Non
752 1889 997 1921 venenosas
1030 1882 1180 1917 tenera
1213 1875 1395 1928 sagittas

678 1951 880 1991 Promere
915 1948 1077 1989 dextra.

548 2035 734 2076 Lusibus
767 2033 904 2074 flavus
937 2031 1090 2072 mediis
1122 2030 1304 2081 videtur,

619 2105 1020 2156 Aureunrgestans
1054 2107 1184 2155 6611111
1217 2107 1259 2142 61
1292 2100 1479 2154 Cupido·

412 2189 464 2223 35
623 2176 761 2218 Comit
792 2182 833 2215 et
865 2174 1006 2216 vultus
1039 2173 1218 2215 veniens
1251 2172 1438 2213 honores
1478 2189 1479 2192 ¹

681 2247 811 2288 Addit
844 2246 1062 2286 honestos.

551 2331 618 2373 Ad
650 2331 768 2372 iocos
802 2330 959 2371 clamat
992 2327 1143 2382 positis
1177 2327 1363 2380 querelis

621 2402 675 2443 Et
707 2401 826 2443 iubet
858 2400 967 2453 Regi
999 2399 1126 2453 genio
1158 2411 1329 2450 vacare,

622 2469 729 2514 ‘Cum
761 2473 873 2519 licet,
907 2484 1074 2512 moeror
1105 2469 1254 2523 procul
1286 2470 1385 2511 hinc
1417 2469 1593 2511 recedat

419 2556 467 2590 40
685 2545 761 2585 Ille
795 2548 961 2597 poetas.

556 2629 660 2670 Cum
693 2628 769 2669 tibi
801 2633 971 2680 tempus
1004 2626 1133 2667 breve
1167 2624 1292 2665 detur
1324 2623 1420 2665 aevi

625 2700 678 2741 Et
710 2699 793 2746 frui
827 2711 960 2753 parva
992 2696 1245 2748 modicaque
1279 2695 1368 2737 vita

626 2769 832 2824 Supplico
865 2764 1116 2809 Vuladislae
1149 2772 1221 2807 tuo
1254 2771 1385 2820 poeta

686 2837 792 2882 Vive
827 2836 1031 2894 peremne
1054 2835 1109 2892 (1).
