1919 3273
332 115 407 149 416

380 767 428 800 80

384 1123 429 1157 85

381 1480 432 1513 *90

381 1837 431 1869 95

363 2193 434 2227 100

488 257 735 312 Optareque
770 258 888 300 dedit
922 258 1107 312 nimphis
1142 272 1193 299 ex
1227 259 1422 299 omnibus
1456 272 1579 300 unam

545 330 667 379 Quae
701 330 914 371 thalamos
948 337 1097 384 posset
1132 330 1421 371 condecorare
1455 343 1585 372 meos.

487 401 606 442 Haec
640 401 740 441 mihi
773 401 987 443 diversam
1021 401 1211 442 faciebat
1244 400 1418 455 adoptio
1453 412 1637 443 mentem

545 472 712 513 Tantus
747 471 975 512 formarum
1010 472 1215 526 splendor
1248 478 1289 512 et
1322 472 1449 513 ardor
1482 479 1586 514 erat.

483 543 563 584 Hic
596 556 681 584 non
713 542 871 583 Idaeus
905 543 1041 584 somni
1075 543 1153 584 sub
1187 543 1374 596 imagine
1407 543 1536 585 iudex

542 613 748 655 Iudicium
782 614 883 667 poni
916 621 1065 668 posset
1099 614 1260 655 habere
1295 615 1419 656 sacri.

483 685 654 726 Interea
687 684 818 726 dubia
851 699 943 726 cum
979 691 1137 726 starem
1171 692 1327 735 mente,
1361 692 1585 727 venustam

547 756 771 810 Calliopen
804 763 973 797 nostras
1006 756 1131 797 iussit
1169 756 1287 797 adire
1322 770 1485 798 manus.

482 827 629 868 Noluit
661 827 735 868 illa
768 827 833 868 sui
866 834 1112 881 pervertere
1145 828 1264 868 iussa
1297 828 1487 881 parentis

546 898 634 940 Sed
666 898 768 938 mihi
801 912 896 939 cum
928 899 1051 952 larga
1084 900 1294 953 praestita
1327 899 1426 940 dote
1460 900 1551 941 fuit.

484 970 551 1011 Me
588 982 756 1022 quoque
792 969 1050 1010 sollicitante
1084 970 1202 1011 vices
1236 970 1424 1011 amicitia
1456 971 1595 1024 poscit

549 1041 699 1091 Qualis
734 1041 787 1081 sit
822 1054 1009 1094 sponsae
1044 1041 1123 1082 dos
1156 1041 1422 1082 numeranda
1455 1055 1589 1083 meae.

485 1113 688 1154 Phoebus
723 1112 804 1152 ait:
840 1112 1025 1153 Tristem
1058 1112 1159 1153 Piso
1192 1126 1304 1153 nunc
1336 1113 1464 1154 reiice
1497 1113 1673 1164 vultum,

545 1184 637 1225 Nec
670 1190 743 1224 tua
774 1184 857 1224 iam
893 1183 1004 1224 dotis
1038 1190 1215 1237 pectora
1249 1197 1350 1225 cura
1385 1192 1563 1238 premat.

486 1254 564 1297 Est
597 1261 695 1296 tuus
730 1254 966 1295 Austriacis
1001 1267 1125 1307 quem
1160 1255 1302 1296 nescis
1336 1262 1448 1296 tutor
1479 1255 1522 1295 in
1556 1255 1640 1296 oris

548 1326 685 1376 Quem
717 1326 811 1368 vice
846 1326 1012 1380 patroni
1046 1326 1161 1366 clara
1195 1326 1361 1367 Vienna
1394 1326 1503 1368 colit.

487 1398 672 1439 Nomina
705 1398 741 1438 si
774 1410 972 1450 quaeras,
1006 1397 1269 1438 Fusemanni
1303 1410 1458 1438 nomen
1492 1397 1654 1439 habere

550 1469 728 1519 Dicitur,
763 1476 805 1510 et
838 1469 1003 1510 cunctis
1036 1469 1207 1510 vatibus
1240 1469 1312 1510 ille
1346 1469 1476 1510 favet.

489 1540 632 1594 Saepe
667 1547 763 1581 tuos
795 1540 856 1580 illi
888 1540 1055 1581 modico
1088 1553 1164 1594 pro
1198 1553 1373 1581 munere
1407 1553 1558 1581 versus

552 1612 711 1662 Mittas7
745 1611 854 1653 haec
886 1612 1001 1652 nullo
1036 1611 1119 1652 sint
1151 1611 1250 1652 licet
1284 1617 1414 1652 uncta
1446 1624 1572 1653 mero.

486 1683 553 1725 Ad
586 1696 665 1724 sua
697 1682 854 1724 dehinc
888 1683 1018 1724 celeri
1050 1683 1311 1737 properabat
1344 1683 1489 1723 munia
1522 1695 1688 1735 gressu,

546 1755 603 1796 Ut'
635 1755 795 1796 claram
828 1754 961 1795 nitido
995 1754 1127 1795 ferret
1159 1754 1200 1794 in
1235 1767 1315 1795 axe
1350 1753 1476 1795 diem.

487 1827 577 1868 Iam
601 1839 770 1879 quoque
793 1825 1096 1879 quadrupedes
1119 1825 1266 1875 iunxit,
1292 1839 1387 1866 cum
1411 1825 1562 1866 stilbos
1586 1825 1641 1866 ad
1664 1838 1832 1867 amnem

550 1897 785 1939 Castalium
819 1897 977 1938 erranti
1010 1897 1224 1950 Delphica
1257 1897 1422 1950 plectra
1455 1896 1585 1937 dedit.

488 1969 702 2010 Hesterna
735 1968 954 2009 Femanne
980 1966 1024 2020 (1)
1058 1967 1134 2008 tibi
1168 1968 1208 2008 ni
1242 1968 1336 2009 luce
1370 1967 1546 2009 fuissem

549 2039 725 2090 Obvius,
759 2039 869 2080 haec
901 2038 1060 2079 frustra
1094 2039 1259 2079 somnia
1292 2039 1386 2080 visa
1419 2038 1571 2084 forent,

488 2111 567 2152 Illa
598 2111 718 2151 fuere
753 2111 859 2151 meis
893 2110 1067 2151 oracula
1099 2110 1296 2163 praescia
1330 2111 1490 2151 somnis

552 2182 623 2223 Sic
656 2182 838 2223 hominis
874 2180 1034 2222 Genius
1070 2194 1202 2235 saepe
1236 2180 1378 2221 futura
1414 2181 1552 2223 videt:
1577 2204 1633 2209 —-

942 2311 1248 2352 Tetrastzssehon.

979 2393 1054 2434 (fol.
1085 2394 1204 2435 133b.)

490 2479 689 2521 Carmina
721 2479 787 2520 bis
820 2486 965 2519 ternas
999 2479 1147 2532 capias
1181 2478 1368 2519 deducta
1401 2492 1477 2532 per
1509 2478 1637 2520 horas

549 2551 630 2591 Pro
662 2551 917 2602 levibusque
950 2550 1072 2603 legas
1106 2550 1215 2590 haec
1248 2550 1518 2590 Fusemanne
1545 2549 1650 2591 iocis

486 2621 741 2673 Praecoqua
774 2627 884 2672 sunt,
919 2620 1069 2669 fateor„
1104 2621 1185 2661 nisi
1210 2621 1303 2673 quis
1337 2619 1524 2672 (aliqum
1548 2619 1831 2671 desideratur)

1644 2705 1833 2733 amarum

551 2763 707 2804 Dulcia
740 2776 822 2816 quo
857 2770 1016 2814 cernat,
1052 2776 1136 2804 non
1170 2763 1301 2804 habet
1333 2763 1403 2804 ille
1438 2762 1619 2804 modum.

997 2855 1184 2901 Τελος.
