<?xml version="1.0" encoding="UTF-8"?>
<!DOCTYPE html PUBLIC "-//W3C//DTD XHTML 1.0 Transitional//EN"
    "http://www.w3.org/TR/xhtml1/DTD/xhtml1-transitional.dtd">
<html xmlns="http://www.w3.org/1999/xhtml" xml:lang="en" lang="en">
 <head>
  <title>
</title>
<meta http-equiv="Content-Type" content="text/html;charset=utf-8" />
  <meta name='ocr-system' content='tesseract 3.04.00' />
  <meta name='ocr-capabilities' content='ocr_page ocr_carea ocr_par ocr_line ocrx_word'/>
</head>
<body>
  <div class='ocr_page' id='page_1' title='image "analectanovaadhi00beuoft_0160.png"; bbox 0 0 1955 3278; ppageno 0'>
   <div class='ocr_carea' id='block_1_1' title="bbox 184 582 348 664">
    <p class='ocr_par' dir='ltr' id='par_1_1' title="bbox 184 582 348 664">
     <span class='ocr_line' id='line_1_1' title="bbox 184 582 346 612; baseline -0.019 0"><span class='ocrx_word' id='word_1_1' title='bbox 184 582 257 612; x_wconf 72' lang='lat' dir='ltr'><strong>Vita</strong></span> <span class='ocrx_word' id='word_1_2' title='bbox 274 582 346 611; x_wconf 77' lang='lat' dir='ltr'><strong>vino</strong></span> 
     </span>
     <span class='ocr_line' id='line_1_2' title="bbox 188 635 348 664; baseline 0 0"><span class='ocrx_word' id='word_1_3' title='bbox 188 635 348 664; x_wconf 72' lang='lat' dir='ltr'><strong>minuitur.</strong></span> 
     </span>
    </p>
   </div>
   <div class='ocr_carea' id='block_1_2' title="bbox 378 156 444 187">
    <p class='ocr_par' dir='ltr' id='par_1_2' title="bbox 378 156 444 187">
     <span class='ocr_line' id='line_1_3' title="bbox 378 156 444 187; baseline 0 0"><span class='ocrx_word' id='word_1_4' title='bbox 378 156 444 187; x_wconf 74' lang='lat'><strong>140</strong></span> 
     </span>
    </p>
   </div>
   <div class='ocr_carea' id='block_1_3' title="bbox 372 295 1867 1703">
    <p class='ocr_par' dir='ltr' id='par_1_3' title="bbox 372 295 1867 1703">
     <span class='ocr_line' id='line_1_4' title="bbox 375 295 1863 351; baseline 0.001 -13"><span class='ocrx_word' id='word_1_5' title='bbox 375 297 540 338; x_wconf 84' lang='lat' dir='ltr'><strong>turbine</strong></span> <span class='ocrx_word' id='word_1_6' title='bbox 587 297 876 349; x_wconf 86' lang='lat' dir='ltr'><strong>circumgente</strong></span> <span class='ocrx_word' id='word_1_7' title='bbox 911 295 956 351; x_wconf 73' lang='lat'><strong>(1)</strong></span> <span class='ocrx_word' id='word_1_8' title='bbox 1001 304 1131 339; x_wconf 85' lang='lat' dir='ltr'><strong>totam</strong></span> <span class='ocrx_word' id='word_1_9' title='bbox 1167 298 1350 349; x_wconf 81' lang='lat' dir='ltr'><strong>domum,</strong></span> <span class='ocrx_word' id='word_1_10' title='bbox 1397 298 1608 340; x_wconf 73' lang='lat' dir='ltr'>stomachi</span> <span class='ocrx_word' id='word_1_11' title='bbox 1651 305 1863 340; x_wconf 87' lang='lat' dir='ltr'><strong>tormenta</strong></span> 
     </span>
     <span class='ocr_line' id='line_1_5' title="bbox 377 367 1862 423; baseline 0.003 -15"><span class='ocrx_word' id='word_1_12' title='bbox 377 382 470 409; x_wconf 81' lang='grc'><strong>011111</strong></span> <span class='ocrx_word' id='word_1_13' title='bbox 516 367 760 408; x_wconf 84' lang='lat' dir='ltr'><strong>effervescit</strong></span> <span class='ocrx_word' id='word_1_14' title='bbox 804 381 962 409; x_wconf 91' lang='lat' dir='ltr'><strong>merum</strong></span> <span class='ocrx_word' id='word_1_15' title='bbox 1009 382 1059 410; x_wconf 89' lang='lat' dir='ltr'><strong>ac</strong></span> <span class='ocrx_word' id='word_1_16' title='bbox 1103 369 1271 411; x_wconf 86' lang='lat' dir='ltr'><strong>viscera</strong></span> <span class='ocrx_word' id='word_1_17' title='bbox 1314 369 1411 423; x_wconf 86' lang='lat' dir='ltr'><strong>ipsa</strong></span> <span class='ocrx_word' id='word_1_18' title='bbox 1456 369 1690 411; x_wconf 85' lang='lat' dir='ltr'><strong>descendit.</strong></span> <span class='ocrx_word' id='word_1_19' title='bbox 1741 370 1862 412; x_wconf 86' lang='lat' dir='ltr'><strong>Tunc</strong></span> 
     </span>
     <span class='ocr_line' id='line_1_6' title="bbox 373 439 1862 494; baseline 0.001 -14"><span class='ocrx_word' id='word_1_20' title='bbox 373 449 513 481; x_wconf 86' lang='lat' dir='ltr'><strong>tamen</strong></span> <span class='ocrx_word' id='word_1_21' title='bbox 548 446 771 491; x_wconf 87' lang='lat' dir='ltr'><strong>utrumque</strong></span> <span class='ocrx_word' id='word_1_22' title='bbox 805 439 1029 481; x_wconf 80' lang='lat' dir='ltr'>tolerabile</span> <span class='ocrx_word' id='word_1_23' title='bbox 1063 447 1142 491; x_wconf 86' lang='lat' dir='ltr'><strong>est,</strong></span> <span class='ocrx_word' id='word_1_24' title='bbox 1189 439 1288 480; x_wconf 91' lang='lat' dir='ltr'><strong>dum</strong></span> <span class='ocrx_word' id='word_1_25' title='bbox 1321 440 1380 481; x_wconf 92' lang='lat' dir='ltr'><strong>illi</strong></span> <span class='ocrx_word' id='word_1_26' title='bbox 1413 440 1477 481; x_wconf 81' lang='lat' dir='ltr'><strong>vis</strong></span> <span class='ocrx_word' id='word_1_27' title='bbox 1511 453 1590 481; x_wconf 89' lang='lat' dir='ltr'><strong>sua</strong></span> <span class='ocrx_word' id='word_1_28' title='bbox 1623 447 1701 489; x_wconf 83' lang='lat' dir='ltr'><strong>est,</strong></span> <span class='ocrx_word' id='word_1_29' title='bbox 1748 440 1862 494; x_wconf 77' lang='lat' dir='ltr'><strong>quod</strong></span> 
     </span>
     <span class='ocr_line' id='line_1_7' title="bbox 373 509 1861 563; baseline 0.002 -14"><span class='ocrx_word' id='word_1_30' title='bbox 373 523 466 550; x_wconf 85' lang='lat' dir='ltr'><strong>cum</strong></span> <span class='ocrx_word' id='word_1_31' title='bbox 501 522 648 550; x_wconf 87' lang='lat' dir='ltr'><strong>somno</strong></span> <span class='ocrx_word' id='word_1_32' title='bbox 681 509 866 560; x_wconf 84' lang='lat' dir='ltr'><strong>vitiatur,</strong></span> <span class='ocrx_word' id='word_1_33' title='bbox 901 524 1010 563; x_wconf 82' lang='lat' dir='ltr'><strong>quae</strong></span> <span class='ocrx_word' id='word_1_34' title='bbox 1045 511 1231 552; x_wconf 74' lang='lat' dir='ltr'>ebrietas</span> <span class='ocrx_word' id='word_1_35' title='bbox 1265 510 1343 551; x_wconf 85' lang='lat' dir='ltr'><strong>fuit</strong></span> <span class='ocrx_word' id='word_1_36' title='bbox 1377 511 1608 552; x_wconf 89' lang='lat' dir='ltr'><strong>crudelitas</strong></span> <span class='ocrx_word' id='word_1_37' title='bbox 1636 511 1755 553; x_wconf 87' lang='lat' dir='ltr'><strong>facta</strong></span> <span class='ocrx_word' id='word_1_38' title='bbox 1781 518 1861 553; x_wconf 91' lang='lat' dir='ltr'><strong>est.</strong></span> 
     </span>
     <span class='ocr_line' id='line_1_8' title="bbox 373 580 1863 635; baseline 0.003 -15"><span class='ocrx_word' id='word_1_39' title='bbox 373 581 450 621; x_wconf 84' lang='lat' dir='ltr'><strong>Est</strong></span> <span class='ocrx_word' id='word_1_40' title='bbox 483 580 592 621; x_wconf 88' lang='lat' dir='ltr'><strong>enim</strong></span> <span class='ocrx_word' id='word_1_41' title='bbox 640 580 755 634; x_wconf 88' lang='lat' dir='ltr'><strong>apud</strong></span> <span class='ocrx_word' id='word_1_42' title='bbox 800 581 1179 623; x_wconf 85' lang='lat' dir='ltr'><strong>Ecclesiasticum:</strong></span> <span class='ocrx_word' id='word_1_43' title='bbox 1225 582 1469 635; x_wconf 81' lang='lat' dir='ltr'><strong>Diligentes</strong></span> <span class='ocrx_word' id='word_1_44' title='bbox 1501 582 1650 635; x_wconf 77' lang='lat' dir='ltr'><strong>inquit,</strong></span> <span class='ocrx_word' id='word_1_45' title='bbox 1689 582 1731 623; x_wconf 91' lang='lat' dir='ltr'><strong>in</strong></span> <span class='ocrx_word' id='word_1_46' title='bbox 1763 583 1863 624; x_wconf 90' lang='lat' dir='ltr'><strong>vino</strong></span> 
     </span>
     <span class='ocr_line' id='line_1_9' title="bbox 372 651 1864 708; baseline 0.003 -17"><span class='ocrx_word' id='word_1_47' title='bbox 372 651 460 692; x_wconf 88' lang='lat' dir='ltr'><strong>noli</strong></span> <span class='ocrx_word' id='word_1_48' title='bbox 482 664 730 705; x_wconf 85' lang='lat' dir='ltr'><strong>provocare,</strong></span> <span class='ocrx_word' id='word_1_49' title='bbox 756 652 855 704; x_wconf 82' lang='lat' dir='ltr'><strong>quia</strong></span> <span class='ocrx_word' id='word_1_50' title='bbox 875 653 1031 693; x_wconf 85' lang='lat' dir='ltr'><strong>multos</strong></span> <span class='ocrx_word' id='word_1_51' title='bbox 1053 654 1349 695; x_wconf 75' lang='lat' dir='ltr'><strong>exterminavit</strong></span> <span class='ocrx_word' id='word_1_52' title='bbox 1373 653 1529 695; x_wconf 78' lang='lat' dir='ltr'><strong>vinum.</strong></span> <span class='ocrx_word' id='word_1_53' title='bbox 1564 653 1682 707; x_wconf 86' lang='lat' dir='ltr'><strong>Ignis</strong></span> <span class='ocrx_word' id='word_1_54' title='bbox 1710 653 1864 708; x_wconf 87' lang='lat' dir='ltr'><strong>probat</strong></span> 
     </span>
     <span class='ocr_line' id='line_1_10' title="bbox 372 722 1863 778; baseline 0.003 -16"><span class='ocrx_word' id='word_1_55' title='bbox 372 723 528 763; x_wconf 82' lang='lat' dir='ltr'><strong>ferrum</strong></span> <span class='ocrx_word' id='word_1_56' title='bbox 563 722 728 773; x_wconf 88' lang='lat' dir='ltr'><strong>durum,</strong></span> <span class='ocrx_word' id='word_1_57' title='bbox 763 723 825 764; x_wconf 88' lang='lat' dir='ltr'><strong>sic</strong></span> <span class='ocrx_word' id='word_1_58' title='bbox 847 724 992 765; x_wconf 88' lang='lat' dir='ltr'><strong>vinum</strong></span> <span class='ocrx_word' id='word_1_59' title='bbox 1025 723 1156 765; x_wconf 88' lang='lat' dir='ltr'><strong>corda</strong></span> <span class='ocrx_word' id='word_1_60' title='bbox 1181 724 1462 778; x_wconf 88' lang='lat' dir='ltr'><strong>superborum</strong></span> <span class='ocrx_word' id='word_1_61' title='bbox 1486 732 1638 778; x_wconf 79' lang='lat' dir='ltr'><strong>arguet</strong></span> <span class='ocrx_word' id='word_1_62' title='bbox 1659 725 1703 766; x_wconf 92' lang='lat' dir='ltr'><strong>in</strong></span> <span class='ocrx_word' id='word_1_63' title='bbox 1728 724 1863 766; x_wconf 86' lang='lat' dir='ltr'><strong>ebrie-</strong></span> 
     </span>
     <span class='ocr_line' id='line_1_11' title="bbox 373 794 1864 847; baseline 0.002 -14"><span class='ocrx_word' id='word_1_64' title='bbox 373 800 461 834; x_wconf 85' lang='lat' dir='ltr'><strong>tate</strong></span> <span class='ocrx_word' id='word_1_65' title='bbox 493 800 700 847; x_wconf 85' lang='lat' dir='ltr'><strong>potatum,</strong></span> <span class='ocrx_word' id='word_1_66' title='bbox 734 807 875 846; x_wconf 88' lang='lat' dir='ltr'><strong>aequa</strong></span> <span class='ocrx_word' id='word_1_67' title='bbox 907 794 995 834; x_wconf 78' lang='lat' dir='ltr'><strong>vita</strong></span> <span class='ocrx_word' id='word_1_68' title='bbox 1027 794 1269 836; x_wconf 86' lang='lat' dir='ltr'><strong>hominibus</strong></span> <span class='ocrx_word' id='word_1_69' title='bbox 1303 796 1446 836; x_wconf 78' lang='lat' dir='ltr'><strong>vinum</strong></span> <span class='ocrx_word' id='word_1_70' title='bbox 1480 796 1522 836; x_wconf 91' lang='lat' dir='ltr'><strong>in</strong></span> <span class='ocrx_word' id='word_1_71' title='bbox 1547 795 1794 845; x_wconf 83' lang='lat' dir='ltr'><strong>sobrietate,</strong></span> <span class='ocrx_word' id='word_1_72' title='bbox 1828 795 1864 836; x_wconf 91' lang='lat' dir='ltr'><strong>si</strong></span> 
     </span>
     <span class='ocr_line' id='line_1_12' title="bbox 373 864 1864 919; baseline 0.004 -18"><span class='ocrx_word' id='word_1_73' title='bbox 373 864 498 905; x_wconf 82' lang='lat' dir='ltr'><strong>bibas</strong></span> <span class='ocrx_word' id='word_1_74' title='bbox 531 864 636 904; x_wconf 90' lang='lat' dir='ltr'><strong>illud</strong></span> <span class='ocrx_word' id='word_1_75' title='bbox 668 864 903 915; x_wconf 85' lang='lat' dir='ltr'><strong>moderat-e,</strong></span> <span class='ocrx_word' id='word_1_76' title='bbox 938 865 1022 906; x_wconf 91' lang='lat' dir='ltr'><strong>eris</strong></span> <span class='ocrx_word' id='word_1_77' title='bbox 1056 865 1236 906; x_wconf 84' lang='lat' dir='ltr'><strong>sobrius.</strong></span> <span class='ocrx_word' id='word_1_78' title='bbox 1273 865 1393 915; x_wconf 76' lang='lat' dir='ltr'><strong>Quae</strong></span> <span class='ocrx_word' id='word_1_79' title='bbox 1428 872 1495 907; x_wconf 87' lang='lat' dir='ltr'><strong>est-</strong></span> <span class='ocrx_word' id='word_1_80' title='bbox 1525 867 1614 908; x_wconf 84' lang='lat' dir='ltr'><strong>vita</strong></span> <span class='ocrx_word' id='word_1_81' title='bbox 1647 879 1756 919; x_wconf 88' lang='lat' dir='ltr'><strong>quae</strong></span> <span class='ocrx_word' id='word_1_82' title='bbox 1788 866 1864 907; x_wconf 92' lang='lat' dir='ltr'><strong>mi-</strong></span> 
     </span>
     <span class='ocr_line' id='line_1_13' title="bbox 374 934 1864 984; baseline 0.002 -9"><span class='ocrx_word' id='word_1_83' title='bbox 374 936 514 976; x_wconf 85' lang='lat' dir='ltr'><strong>nuitur</strong></span> <span class='ocrx_word' id='word_1_84' title='bbox 546 934 681 976; x_wconf 74' lang='lat' dir='ltr'><strong>vino?</strong></span> <span class='ocrx_word' id='word_1_85' title='bbox 717 934 828 984; x_wconf 75' lang='lat' dir='ltr'><strong>Quid</strong></span> <span class='ocrx_word' id='word_1_86' title='bbox 862 935 1091 977; x_wconf 87' lang='lat' dir='ltr'><strong>defraudat</strong></span> <span class='ocrx_word' id='word_1_87' title='bbox 1113 936 1280 977; x_wconf 66' lang='lat' dir='ltr'><strong>vitam?</strong></span> <span class='ocrx_word' id='word_1_88' title='bbox 1314 937 1438 978; x_wconf 87' lang='lat' dir='ltr'><strong>Mors.</strong></span> <span class='ocrx_word' id='word_1_89' title='bbox 1474 938 1626 978; x_wconf 90' lang='lat' dir='ltr'><strong>Vinum</strong></span> <span class='ocrx_word' id='word_1_90' title='bbox 1653 938 1695 978; x_wconf 92' lang='lat' dir='ltr'><strong>in</strong></span> <span class='ocrx_word' id='word_1_91' title='bbox 1717 938 1864 978; x_wconf 90' lang='lat' dir='ltr'><strong>iucun-</strong></span> 
     </span>
     <span class='ocr_line' id='line_1_14' title="bbox 375 1005 1864 1051; baseline 0.001 -5"><span class='ocrx_word' id='word_1_92' title='bbox 375 1005 551 1047; x_wconf 84' lang='lat' dir='ltr'><strong>ditatem</strong></span> <span class='ocrx_word' id='word_1_93' title='bbox 585 1013 774 1047; x_wconf 88' lang='lat' dir='ltr'><strong>creatum</strong></span> <span class='ocrx_word' id='word_1_94' title='bbox 799 1013 865 1048; x_wconf 87' lang='lat' dir='ltr'><strong>est</strong></span> <span class='ocrx_word' id='word_1_95' title='bbox 888 1013 930 1047; x_wconf 89' lang='lat' dir='ltr'><strong>et</strong></span> <span class='ocrx_word' id='word_1_96' title='bbox 952 1021 1037 1048; x_wconf 92' lang='lat' dir='ltr'><strong>non</strong></span> <span class='ocrx_word' id='word_1_97' title='bbox 1059 1007 1102 1048; x_wconf 91' lang='lat' dir='ltr'><strong>in</strong></span> <span class='ocrx_word' id='word_1_98' title='bbox 1126 1008 1379 1049; x_wconf 87' lang='lat' dir='ltr'><strong>ebrietatem</strong></span> <span class='ocrx_word' id='word_1_99' title='bbox 1403 1008 1457 1049; x_wconf 88' lang='lat' dir='ltr'><strong>ab</strong></span> <span class='ocrx_word' id='word_1_100' title='bbox 1480 1009 1613 1051; x_wconf 87' lang='lat' dir='ltr'><strong>initio.</strong></span> <span class='ocrx_word' id='word_1_101' title='bbox 1648 1008 1864 1050; x_wconf 81' lang='lat' dir='ltr'><strong>Exultatio</strong></span> 
     </span>
     <span class='ocr_line' id='line_1_15' title="bbox 375 1078 1866 1133; baseline 0.002 -15"><span class='ocrx_word' id='word_1_102' title='bbox 375 1078 543 1118; x_wconf 84' lang='lat' dir='ltr'><strong>animae</strong></span> <span class='ocrx_word' id='word_1_103' title='bbox 590 1084 631 1118; x_wconf 85' lang='lat' dir='ltr'><strong>et</strong></span> <span class='ocrx_word' id='word_1_104' title='bbox 665 1078 854 1131; x_wconf 86' lang='lat' dir='ltr'><strong>corporis</strong></span> <span class='ocrx_word' id='word_1_105' title='bbox 900 1078 1043 1119; x_wconf 77' lang='lat' dir='ltr'><strong>vinum</strong></span> <span class='ocrx_word' id='word_1_106' title='bbox 1076 1079 1297 1120; x_wconf 86' lang='lat' dir='ltr'><strong>moderate</strong></span> <span class='ocrx_word' id='word_1_107' title='bbox 1336 1085 1554 1133; x_wconf 78' lang='lat' dir='ltr'><strong>potatum3</strong></span> <span class='ocrx_word' id='word_1_108' title='bbox 1601 1081 1765 1121; x_wconf 79' lang='lat' dir='ltr'><strong>sanitas</strong></span> <span class='ocrx_word' id='word_1_109' title='bbox 1799 1086 1866 1121; x_wconf 86' lang='lat' dir='ltr'><strong>est</strong></span> 
     </span>
     <span class='ocr_line' id='line_1_16' title="bbox 375 1149 1865 1205; baseline 0.003 -17"><span class='ocrx_word' id='word_1_110' title='bbox 375 1149 529 1189; x_wconf 87' lang='lat' dir='ltr'><strong>mentis</strong></span> <span class='ocrx_word' id='word_1_111' title='bbox 575 1155 617 1190; x_wconf 92' lang='lat' dir='ltr'><strong>et</strong></span> <span class='ocrx_word' id='word_1_112' title='bbox 650 1151 840 1203; x_wconf 85' lang='lat' dir='ltr'><strong>corporis</strong></span> <span class='ocrx_word' id='word_1_113' title='bbox 886 1149 1055 1191; x_wconf 89' lang='lat' dir='ltr'><strong>sobrius</strong></span> <span class='ocrx_word' id='word_1_114' title='bbox 1088 1158 1225 1204; x_wconf 88' lang='lat' dir='ltr'><strong>potus.</strong></span> <span class='ocrx_word' id='word_1_115' title='bbox 1273 1151 1427 1191; x_wconf 91' lang='lat' dir='ltr'><strong>Vinum</strong></span> <span class='ocrx_word' id='word_1_116' title='bbox 1461 1152 1637 1192; x_wconf 86' lang='lat' dir='ltr'><strong>multum</strong></span> <span class='ocrx_word' id='word_1_117' title='bbox 1671 1157 1865 1205; x_wconf 84' lang='lat' dir='ltr'><strong>potatum</strong></span> 
     </span>
     <span class='ocr_line' id='line_1_17' title="bbox 376 1219 1866 1264; baseline 0.002 -5"><span class='ocrx_word' id='word_1_118' title='bbox 376 1219 654 1261; x_wconf 87' lang='lat' dir='ltr'><strong>irritationem</strong></span> <span class='ocrx_word' id='word_1_119' title='bbox 673 1226 714 1261; x_wconf 90' lang='lat' dir='ltr'><strong>et</strong></span> <span class='ocrx_word' id='word_1_120' title='bbox 736 1221 841 1261; x_wconf 84' lang='lat' dir='ltr'><strong>iram</strong></span> <span class='ocrx_word' id='word_1_121' title='bbox 865 1228 907 1262; x_wconf 86' lang='lat' dir='ltr'><strong>et</strong></span> <span class='ocrx_word' id='word_1_122' title='bbox 927 1222 1072 1262; x_wconf 88' lang='grc'><strong>11111133</strong></span> <span class='ocrx_word' id='word_1_123' title='bbox 1096 1222 1251 1263; x_wconf 78' lang='lat' dir='ltr'><strong>multas</strong></span> <span class='ocrx_word' id='word_1_124' title='bbox 1274 1221 1390 1264; x_wconf 86' lang='lat' dir='ltr'><strong>facit.</strong></span> <span class='ocrx_word' id='word_1_125' title='bbox 1424 1221 1674 1263; x_wconf 87' lang='lat' dir='ltr'><strong>Amaritudo</strong></span> <span class='ocrx_word' id='word_1_126' title='bbox 1698 1222 1866 1262; x_wconf 88' lang='lat' dir='ltr'><strong>animae</strong></span> 
     </span>
     <span class='ocr_line' id='line_1_18' title="bbox 375 1291 1867 1348; baseline 0.002 -18"><span class='ocrx_word' id='word_1_127' title='bbox 375 1291 517 1331; x_wconf 66' lang='lat' dir='ltr'><strong>vinum</strong></span> <span class='ocrx_word' id='word_1_128' title='bbox 562 1293 738 1333; x_wconf 90' lang='lat' dir='ltr'><strong>multum</strong></span> <span class='ocrx_word' id='word_1_129' title='bbox 785 1298 990 1346; x_wconf 83' lang='lat' dir='ltr'><strong>potatum,</strong></span> <span class='ocrx_word' id='word_1_130' title='bbox 1038 1293 1258 1334; x_wconf 82' lang='lat' dir='ltr'><strong>ebrietatis</strong></span> <span class='ocrx_word' id='word_1_131' title='bbox 1303 1293 1553 1335; x_wconf 88' lang='lat' dir='ltr'><strong>animositas</strong></span> <span class='ocrx_word' id='word_1_132' title='bbox 1584 1293 1867 1348; x_wconf 86' lang='lat' dir='ltr'><strong>imprudentis</strong></span> 
     </span>
     <span class='ocr_line' id='line_1_19' title="bbox 378 1361 1865 1418; baseline 0.003 -18"><span class='ocrx_word' id='word_1_133' title='bbox 378 1361 572 1414; x_wconf 74' lang='lat' dir='ltr'><strong>offensio,</strong></span> <span class='ocrx_word' id='word_1_134' title='bbox 606 1364 822 1405; x_wconf 88' lang='lat' dir='ltr'><strong>minorans</strong></span> <span class='ocrx_word' id='word_1_135' title='bbox 855 1364 1053 1405; x_wconf 86' lang='lat' dir='ltr'><strong>virtutem</strong></span> <span class='ocrx_word' id='word_1_136' title='bbox 1088 1372 1130 1405; x_wconf 93' lang='lat' dir='ltr'><strong>et</strong></span> <span class='ocrx_word' id='word_1_137' title='bbox 1162 1364 1374 1406; x_wconf 80' lang='lat' dir='ltr'><strong>facientes</strong></span> <span class='ocrx_word' id='word_1_138' title='bbox 1399 1363 1446 1418; x_wconf 83' lang='lat'><strong>(!)</strong></span> <span class='ocrx_word' id='word_1_139' title='bbox 1473 1365 1662 1406; x_wconf 81' lang='lat' dir='ltr'><strong>vulnera.</strong></span> <span class='ocrx_word' id='word_1_140' title='bbox 1695 1364 1743 1405; x_wconf 93' lang='grc'><strong>111</strong></span> <span class='ocrx_word' id='word_1_141' title='bbox 1767 1377 1865 1406; x_wconf 90' lang='grc'><strong>0011-</strong></span> 
     </span>
     <span class='ocr_line' id='line_1_20' title="bbox 376 1433 1866 1491; baseline 0.001 -17"><span class='ocrx_word' id='word_1_142' title='bbox 376 1433 487 1475; x_wconf 78' lang='lat' dir='ltr'><strong>vivio</strong></span> <span class='ocrx_word' id='word_1_143' title='bbox 520 1434 606 1475; x_wconf 89' lang='lat' dir='ltr'><strong>vini</strong></span> <span class='ocrx_word' id='word_1_144' title='bbox 638 1447 723 1475; x_wconf 92' lang='lat' dir='ltr'><strong>non</strong></span> <span class='ocrx_word' id='word_1_145' title='bbox 756 1448 915 1488; x_wconf 84' lang='lat' dir='ltr'><strong>arguas</strong></span> <span class='ocrx_word' id='word_1_146' title='bbox 948 1436 1197 1488; x_wconf 77' lang='lat' dir='ltr'><strong>proximum,</strong></span> <span class='ocrx_word' id='word_1_147' title='bbox 1245 1443 1287 1477; x_wconf 92' lang='lat' dir='ltr'><strong>et</strong></span> <span class='ocrx_word' id='word_1_148' title='bbox 1320 1449 1403 1477; x_wconf 91' lang='lat' dir='ltr'><strong>non</strong></span> <span class='ocrx_word' id='word_1_149' title='bbox 1445 1437 1661 1491; x_wconf 83' lang='lat' dir='ltr'><strong>despicias</strong></span> <span class='ocrx_word' id='word_1_150' title='bbox 1695 1449 1791 1477; x_wconf 92' lang='lat' dir='ltr'><strong>eum</strong></span> <span class='ocrx_word' id='word_1_151' title='bbox 1823 1435 1866 1476; x_wconf 90' lang='lat' dir='ltr'><strong>in</strong></span> 
     </span>
     <span class='ocr_line' id='line_1_21' title="bbox 377 1504 1866 1561; baseline 0.003 -17"><span class='ocrx_word' id='word_1_152' title='bbox 377 1504 641 1546; x_wconf 85' lang='lat' dir='ltr'><strong>iucunditate</strong></span> <span class='ocrx_word' id='word_1_153' title='bbox 687 1506 812 1547; x_wconf 87' lang='grc'><strong>1111113.</strong></span> <span class='ocrx_word' id='word_1_154' title='bbox 864 1506 1006 1548; x_wconf 76' lang='lat' dir='ltr'><strong>Verba</strong></span> <span class='ocrx_word' id='word_1_155' title='bbox 1038 1507 1284 1561; x_wconf 88' lang='lat' dir='ltr'><strong>improperii</strong></span> <span class='ocrx_word' id='word_1_156' title='bbox 1316 1521 1400 1549; x_wconf 88' lang='lat' dir='ltr'><strong>non</strong></span> <span class='ocrx_word' id='word_1_157' title='bbox 1435 1508 1555 1549; x_wconf 90' lang='lat' dir='ltr'><strong>dicas</strong></span> <span class='ocrx_word' id='word_1_158' title='bbox 1587 1507 1661 1559; x_wconf 93' lang='lat' dir='ltr'><strong>illi,</strong></span> <span class='ocrx_word' id='word_1_159' title='bbox 1708 1514 1749 1548; x_wconf 91' lang='lat' dir='ltr'><strong>et</strong></span> <span class='ocrx_word' id='word_1_160' title='bbox 1781 1520 1866 1548; x_wconf 91' lang='lat' dir='ltr'><strong>non</strong></span> 
     </span>
     <span class='ocr_line' id='line_1_22' title="bbox 377 1577 1866 1631; baseline 0.003 -16"><span class='ocrx_word' id='word_1_161' title='bbox 377 1589 549 1629; x_wconf 87' lang='lat' dir='ltr'><strong>premas</strong></span> <span class='ocrx_word' id='word_1_162' title='bbox 582 1577 697 1617; x_wconf 89' lang='lat' dir='ltr'><strong>illum</strong></span> <span class='ocrx_word' id='word_1_163' title='bbox 721 1577 763 1618; x_wconf 90' lang='lat' dir='ltr'><strong>in</strong></span> <span class='ocrx_word' id='word_1_164' title='bbox 786 1578 1036 1631; x_wconf 86' lang='lat' dir='ltr'><strong>repetendo.</strong></span> <span class='ocrx_word' id='word_1_165' title='bbox 1074 1578 1156 1619; x_wconf 84' lang='lat' dir='ltr'><strong>Cur</strong></span> <span class='ocrx_word' id='word_1_166' title='bbox 1179 1579 1259 1620; x_wconf 87' lang='lat' dir='ltr'><strong>hoc</strong></span> <span class='ocrx_word' id='word_1_167' title='bbox 1275 1578 1296 1619; x_wconf 76' lang='grc' dir='ltr'>Ῥ</span> <span class='ocrx_word' id='word_1_168' title='bbox 1329 1579 1393 1620; x_wconf 82' lang='lat' dir='ltr'><strong>Ne</strong></span> <span class='ocrx_word' id='word_1_169' title='bbox 1416 1579 1622 1620; x_wconf 88' lang='lat' dir='ltr'><strong>furiosum</strong></span> <span class='ocrx_word' id='word_1_170' title='bbox 1646 1580 1689 1620; x_wconf 90' lang='lat' dir='ltr'><strong>in</strong></span> <span class='ocrx_word' id='word_1_171' title='bbox 1711 1578 1866 1619; x_wconf 87' lang='lat' dir='ltr'><strong>furiam</strong></span> 
     </span>
     <span class='ocr_line' id='line_1_23' title="bbox 379 1647 1867 1703; baseline 0.002 -16"><span class='ocrx_word' id='word_1_172' title='bbox 379 1654 420 1687; x_wconf 88' lang='lat' dir='ltr'><strong>et</strong></span> <span class='ocrx_word' id='word_1_173' title='bbox 451 1647 664 1689; x_wconf 85' lang='lat' dir='ltr'><strong>insaniam</strong></span> <span class='ocrx_word' id='word_1_174' title='bbox 698 1649 928 1691; x_wconf 79' lang='lat' dir='ltr'><strong>accendas,</strong></span> <span class='ocrx_word' id='word_1_175' title='bbox 963 1650 1076 1690; x_wconf 80' lang='lat' dir='ltr'><strong>Alibi</strong></span> <span class='ocrx_word' id='word_1_176' title='bbox 1098 1649 1264 1701; x_wconf 88' lang='lat' dir='ltr'><strong>dicitur,</strong></span> <span class='ocrx_word' id='word_1_177' title='bbox 1300 1650 1413 1703; x_wconf 79' lang='lat' dir='ltr'><strong>quod</strong></span> <span class='ocrx_word' id='word_1_178' title='bbox 1435 1650 1579 1691; x_wconf 84' lang='lat' dir='ltr'><strong>vinum</strong></span> <span class='ocrx_word' id='word_1_179' title='bbox 1603 1656 1645 1691; x_wconf 92' lang='lat' dir='ltr'><strong>et</strong></span> <span class='ocrx_word' id='word_1_180' title='bbox 1667 1650 1867 1691; x_wconf 88' lang='lat' dir='ltr'><strong>mulieres</strong></span> 
     </span>
    </p>
   </div>
   <div class='ocr_carea' id='block_1_4' title="bbox 166 1720 1869 1774">
    <p class='ocr_par' dir='ltr' id='par_1_4' title="bbox 166 1720 1869 1774">
     <span class='ocr_line' id='line_1_24' title="bbox 166 1720 1869 1774; baseline 0.002 -16"><span class='ocrx_word' id='word_1_181' title='bbox 166 1736 284 1766; x_wconf 76' lang='lat' dir='ltr'><strong>Ebrius</strong></span> <span class='ocrx_word' id='word_1_182' title='bbox 301 1745 363 1764; x_wconf 65' lang='lat' dir='ltr'><strong>non</strong></span> <span class='ocrx_word' id='word_1_183' title='bbox 377 1725 627 1771; x_wconf 85' lang='lat' dir='ltr'><strong>apostatare</strong></span> <span class='ocrx_word' id='word_1_184' title='bbox 660 1720 825 1761; x_wconf 86' lang='lat' dir='ltr'><strong>faciunt</strong></span> <span class='ocrx_word' id='word_1_185' title='bbox 858 1721 1078 1774; x_wconf 88' lang='lat' dir='ltr'><strong>sapientes</strong></span> <span class='ocrx_word' id='word_1_186' title='bbox 1111 1735 1137 1761; x_wconf 89' lang='lat' dir='ltr'><strong>a</strong></span> <span class='ocrx_word' id='word_1_187' title='bbox 1170 1721 1263 1762; x_wconf 89' lang='lat' dir='ltr'><strong>deo.</strong></span> <span class='ocrx_word' id='word_1_188' title='bbox 1301 1721 1420 1763; x_wconf 82' lang='lat' dir='ltr'><strong>Sicut</strong></span> <span class='ocrx_word' id='word_1_189' title='bbox 1454 1722 1567 1762; x_wconf 91' lang='lat' dir='ltr'><strong>enim</strong></span> <span class='ocrx_word' id='word_1_190' title='bbox 1600 1729 1736 1762; x_wconf 88' lang='lat' dir='ltr'><strong>mater</strong></span> <span class='ocrx_word' id='word_1_191' title='bbox 1767 1720 1869 1762; x_wconf 90' lang='lat' dir='ltr'><strong>fidei</strong></span> 
     </span>
    </p>
   </div>
   <div class='ocr_carea' id='block_1_5' title="bbox 228 1789 305 1820">
    <p class='ocr_par' dir='ltr' id='par_1_5' title="bbox 228 1789 305 1820">
     <span class='ocr_line' id='line_1_25' title="bbox 228 1789 305 1820; baseline 0.026 -2"><span class='ocrx_word' id='word_1_192' title='bbox 228 1789 305 1820; x_wconf 81' lang='lat' dir='ltr'><strong>facit</strong></span> 
     </span>
    </p>
   </div>
   <div class='ocr_carea' id='block_1_6' title="bbox 166 1847 366 1987">
    <p class='ocr_par' dir='ltr' id='par_1_6' title="bbox 166 1847 366 1987">
     <span class='ocr_line' id='line_1_26' title="bbox 180 1847 357 1881; baseline 0 -9"><span class='ocrx_word' id='word_1_193' title='bbox 180 1847 357 1881; x_wconf 71' lang='lat' dir='ltr'><strong>peccatum,</strong></span> 
     </span>
     <span class='ocr_line' id='line_1_27' title="bbox 166 1897 366 1934; baseline -0.01 -6"><span class='ocrx_word' id='word_1_194' title='bbox 166 1897 222 1928; x_wconf 82' lang='lat' dir='ltr'><strong>sed</strong></span> <span class='ocrx_word' id='word_1_195' title='bbox 237 1897 304 1934; x_wconf 76' lang='lat' dir='ltr'><strong>ipse</strong></span> <span class='ocrx_word' id='word_1_196' title='bbox 318 1900 366 1926; x_wconf 82' lang='lat' dir='ltr'><strong>est</strong></span> 
     </span>
     <span class='ocr_line' id='line_1_28' title="bbox 183 1952 357 1987; baseline -0.011 -8"><span class='ocrx_word' id='word_1_197' title='bbox 183 1952 357 1987; x_wconf 80' lang='lat' dir='ltr'><strong>peccatum.</strong></span> 
     </span>
    </p>
   </div>
   <div class='ocr_carea' id='block_1_7' title="bbox 189 2451 354 2540">
    <p class='ocr_par' dir='ltr' id='par_1_7' title="bbox 189 2451 354 2540">
     <span class='ocr_line' id='line_1_29' title="bbox 189 2451 354 2481; baseline -0.006 0"><span class='ocrx_word' id='word_1_198' title='bbox 189 2451 354 2481; x_wconf 66' lang='lat' dir='ltr'><strong>Sobrietas</strong></span> 
     </span>
     <span class='ocr_line' id='line_1_30' title="bbox 195 2502 349 2540; baseline 0 -9"><span class='ocrx_word' id='word_1_199' title='bbox 195 2502 269 2540; x_wconf 38' lang='lat' dir='ltr'><strong>Quid</strong></span> <span class='ocrx_word' id='word_1_200' title='bbox 292 2506 349 2532; x_wconf 67' lang='lat' dir='ltr'><strong>est.</strong></span> 
     </span>
    </p>
   </div>
   <div class='ocr_carea' id='block_1_8' title="bbox 379 1791 1872 2985">
    <p class='ocr_par' dir='ltr' id='par_1_8' title="bbox 379 1791 1872 2985">
     <span class='ocr_line' id='line_1_31' title="bbox 380 1791 1869 1846; baseline 0.002 -17"><span class='ocrx_word' id='word_1_201' title='bbox 380 1795 445 1830; x_wconf 85' lang='lat' dir='ltr'><strong>est</strong></span> <span class='ocrx_word' id='word_1_202' title='bbox 478 1792 753 1843; x_wconf 79' lang='lat' dir='ltr'><strong>continentia,</strong></span> <span class='ocrx_word' id='word_1_203' title='bbox 798 1792 859 1833; x_wconf 88' lang='lat' dir='ltr'><strong>ita</strong></span> <span class='ocrx_word' id='word_1_204' title='bbox 891 1792 1097 1846; x_wconf 87' lang='lat' dir='ltr'><strong>perfidiae</strong></span> <span class='ocrx_word' id='word_1_205' title='bbox 1130 1800 1267 1834; x_wconf 90' lang='lat' dir='ltr'><strong>mater</strong></span> <span class='ocrx_word' id='word_1_206' title='bbox 1300 1800 1365 1834; x_wconf 90' lang='lat' dir='ltr'><strong>est</strong></span> <span class='ocrx_word' id='word_1_207' title='bbox 1398 1792 1596 1834; x_wconf 89' lang='lat' dir='ltr'><strong>ebrietas.</strong></span> <span class='ocrx_word' id='word_1_208' title='bbox 1641 1792 1764 1833; x_wconf 88' lang='lat' dir='ltr'><strong>Hanc</strong></span> <span class='ocrx_word' id='word_1_209' title='bbox 1797 1791 1869 1845; x_wconf 89' lang='lat' dir='ltr'><strong>qui</strong></span> 
     </span>
     <span class='ocr_line' id='line_1_32' title="bbox 379 1861 1868 1918; baseline 0.002 -17"><span class='ocrx_word' id='word_1_210' title='bbox 379 1861 524 1912; x_wconf 74' lang='lat' dir='ltr'><strong>habet.v</strong></span> <span class='ocrx_word' id='word_1_211' title='bbox 571 1869 615 1903; x_wconf 90' lang='lat' dir='ltr'><strong>ut</strong></span> <span class='ocrx_word' id='word_1_212' title='bbox 661 1863 764 1904; x_wconf 72' lang='lat' dir='ltr'><strong>dixit</strong></span> <span class='ocrx_word' id='word_1_213' title='bbox 807 1863 1067 1915; x_wconf 88' lang='lat' dir='ltr'><strong>Bernardus,</strong></span> <span class='ocrx_word' id='word_1_214' title='bbox 1102 1878 1185 1905; x_wconf 90' lang='lat' dir='ltr'><strong>non</strong></span> <span class='ocrx_word' id='word_1_215' title='bbox 1227 1864 1331 1905; x_wconf 85' lang='lat' dir='ltr'><strong>facit</strong></span> <span class='ocrx_word' id='word_1_216' title='bbox 1374 1870 1613 1918; x_wconf 75' lang='lat' dir='ltr'><strong>peccatum,</strong></span> <span class='ocrx_word' id='word_1_217' title='bbox 1660 1863 1739 1905; x_wconf 88' lang='lat' dir='ltr'><strong>sed</strong></span> <span class='ocrx_word' id='word_1_218' title='bbox 1771 1863 1868 1916; x_wconf 88' lang='lat' dir='ltr'><strong>ipse</strong></span> 
     </span>
     <span class='ocr_line' id='line_1_33' title="bbox 380 1934 1868 1988; baseline 0.001 -15"><span class='ocrx_word' id='word_1_219' title='bbox 380 1939 604 1985; x_wconf 81' lang='lat' dir='ltr'><strong>peccatum</strong></span> <span class='ocrx_word' id='word_1_220' title='bbox 652 1942 729 1983; x_wconf 86' lang='lat' dir='ltr'><strong>est,</strong></span> <span class='ocrx_word' id='word_1_221' title='bbox 776 1936 876 1988; x_wconf 87' lang='lat' dir='ltr'><strong>quia</strong></span> <span class='ocrx_word' id='word_1_222' title='bbox 909 1942 975 1976; x_wconf 88' lang='lat' dir='ltr'><strong>est</strong></span> <span class='ocrx_word' id='word_1_223' title='bbox 1020 1936 1203 1977; x_wconf 86' lang='lat' dir='ltr'><strong>daemon</strong></span> <span class='ocrx_word' id='word_1_224' title='bbox 1238 1935 1435 1985; x_wconf 75' lang='lat' dir='ltr'><strong>blandus,</strong></span> <span class='ocrx_word' id='word_1_225' title='bbox 1482 1948 1694 1975; x_wconf 83' lang='lat' dir='ltr'><strong>venenum</strong></span> <span class='ocrx_word' id='word_1_226' title='bbox 1728 1934 1868 1984; x_wconf 88' lang='lat' dir='ltr'><strong>dulce,</strong></span> 
     </span>
     <span class='ocr_line' id='line_1_34' title="bbox 379 2005 1868 2060; baseline 0.001 -16"><span class='ocrx_word' id='word_1_227' title='bbox 379 2005 522 2046; x_wconf 83' lang='lat' dir='ltr'><strong>rabies</strong></span> <span class='ocrx_word' id='word_1_228' title='bbox 555 2006 808 2058; x_wconf 77' lang='lat' dir='ltr'><strong>voluntaria,</strong></span> <span class='ocrx_word' id='word_1_229' title='bbox 842 2007 1047 2049; x_wconf 87' lang='lat' dir='ltr'><strong>illecebra</strong></span> <span class='ocrx_word' id='word_1_230' title='bbox 1069 2007 1315 2060; x_wconf 79' lang='lat' dir='ltr'><strong>voluptatis,</strong></span> <span class='ocrx_word' id='word_1_231' title='bbox 1342 2006 1626 2047; x_wconf 84' lang='lat' dir='ltr'><strong>deformitatis</strong></span> <span class='ocrx_word' id='word_1_232' title='bbox 1648 2006 1868 2058; x_wconf 86' lang='lat' dir='ltr'><strong>magistra,</strong></span> 
     </span>
     <span class='ocr_line' id='line_1_35' title="bbox 380 2076 1868 2131; baseline 0 -14"><span class='ocrx_word' id='word_1_233' title='bbox 380 2076 555 2129; x_wconf 87' lang='lat' dir='ltr'><strong>pudoris</strong></span> <span class='ocrx_word' id='word_1_234' title='bbox 599 2077 766 2124; x_wconf 76' lang='lat' dir='ltr'><strong>iniuria,</strong></span> <span class='ocrx_word' id='word_1_235' title='bbox 813 2092 939 2131; x_wconf 86' lang='lat' dir='ltr'><strong>quam</strong></span> <span class='ocrx_word' id='word_1_236' title='bbox 984 2079 1127 2119; x_wconf 88' lang='lat' dir='ltr'><strong>nullus</strong></span> <span class='ocrx_word' id='word_1_237' title='bbox 1160 2078 1325 2119; x_wconf 82' lang='lat' dir='ltr'><strong>noverit</strong></span> <span class='ocrx_word' id='word_1_238' title='bbox 1360 2077 1642 2127; x_wconf 83' lang='lat' dir='ltr'><strong>Christianus,</strong></span> <span class='ocrx_word' id='word_1_239' title='bbox 1690 2077 1789 2129; x_wconf 88' lang='lat' dir='ltr'><strong>quia</strong></span> <span class='ocrx_word' id='word_1_240' title='bbox 1822 2089 1868 2117; x_wconf 91' lang='lat' dir='ltr'><strong>se</strong></span> 
     </span>
     <span class='ocr_line' id='line_1_36' title="bbox 380 2148 1870 2203; baseline 0.001 -16"><span class='ocrx_word' id='word_1_241' title='bbox 380 2148 517 2201; x_wconf 85' lang='lat' dir='ltr'><strong>ipsum</strong></span> <span class='ocrx_word' id='word_1_242' title='bbox 550 2162 635 2189; x_wconf 90' lang='lat' dir='ltr'><strong>non</strong></span> <span class='ocrx_word' id='word_1_243' title='bbox 668 2149 812 2201; x_wconf 84' lang='lat' dir='ltr'><strong>habet,</strong></span> <span class='ocrx_word' id='word_1_244' title='bbox 846 2156 957 2191; x_wconf 86' lang='lat' dir='ltr'><strong>teste</strong></span> <span class='ocrx_word' id='word_1_245' title='bbox 986 2149 1239 2203; x_wconf 79' lang='lat' dir='ltr'><strong>Augustino,</strong></span> <span class='ocrx_word' id='word_1_246' title='bbox 1274 2149 1345 2201; x_wconf 85' lang='lat' dir='ltr'><strong>qui</strong></span> <span class='ocrx_word' id='word_1_247' title='bbox 1367 2149 1483 2189; x_wconf 88' lang='lat' dir='ltr'><strong>illam</strong></span> <span class='ocrx_word' id='word_1_248' title='bbox 1506 2148 1651 2189; x_wconf 84' lang='lat' dir='ltr'><strong>habet.</strong></span> <span class='ocrx_word' id='word_1_249' title='bbox 1685 2148 1738 2188; x_wconf 88' lang='lat' dir='ltr'><strong>Et</strong></span> <span class='ocrx_word' id='word_1_250' title='bbox 1760 2148 1870 2188; x_wconf 86' lang='lat' dir='ltr'><strong>sicut</strong></span> 
     </span>
     <span class='ocr_line' id='line_1_37' title="bbox 380 2219 1869 2275; baseline 0 -16"><span class='ocrx_word' id='word_1_251' title='bbox 380 2220 420 2259; x_wconf 91' lang='grc'><strong>111</strong></span> <span class='ocrx_word' id='word_1_252' title='bbox 456 2220 597 2262; x_wconf 86' lang='lat' dir='ltr'><strong>ebriis.</strong></span> <span class='ocrx_word' id='word_1_253' title='bbox 644 2227 687 2261; x_wconf 88' lang='lat' dir='ltr'><strong>ut</strong></span> <span class='ocrx_word' id='word_1_254' title='bbox 720 2221 834 2262; x_wconf 90' lang='lat' dir='ltr'><strong>idem</strong></span> <span class='ocrx_word' id='word_1_255' title='bbox 866 2222 1133 2275; x_wconf 87' lang='lat' dir='ltr'><strong>Augustinus</strong></span> <span class='ocrx_word' id='word_1_256' title='bbox 1178 2221 1233 2262; x_wconf 89' lang='lat' dir='ltr'><strong>ad</strong></span> <span class='ocrx_word' id='word_1_257' title='bbox 1267 2233 1416 2261; x_wconf 87' lang='lat' dir='ltr'><strong>sac-ras</strong></span> <span class='ocrx_word' id='word_1_258' title='bbox 1450 2220 1640 2273; x_wconf 69' lang='lat' dir='ltr'><strong>virgines</strong></span> <span class='ocrx_word' id='word_1_259' title='bbox 1686 2219 1869 2273; x_wconf 86' lang='lat' dir='ltr'><strong>scripsit,</strong></span> 
     </span>
     <span class='ocr_line' id='line_1_38' title="bbox 383 2290 1871 2345; baseline -0.001 -13"><span class='ocrx_word' id='word_1_260' title='bbox 383 2306 467 2332; x_wconf 80' lang='lat' dir='ltr'><strong>non</strong></span> <span class='ocrx_word' id='word_1_261' title='bbox 513 2292 619 2333; x_wconf 85' lang='lat' dir='ltr'><strong>ratio</strong></span> <span class='ocrx_word' id='word_1_262' title='bbox 654 2293 753 2343; x_wconf 81' lang='grc'><strong>11113,</strong></span> <span class='ocrx_word' id='word_1_263' title='bbox 801 2306 884 2334; x_wconf 91' lang='grc'><strong>11011</strong></span> <span class='ocrx_word' id='word_1_264' title='bbox 930 2294 1061 2333; x_wconf 89' lang='lat' dir='ltr'><strong>ullum</strong></span> <span class='ocrx_word' id='word_1_265' title='bbox 1107 2293 1220 2333; x_wconf 88' lang='lat' dir='ltr'><strong>vitae</strong></span> <span class='ocrx_word' id='word_1_266' title='bbox 1255 2292 1473 2345; x_wconf 86' lang='lat' dir='ltr'><strong>gerendae</strong></span> <span class='ocrx_word' id='word_1_267' title='bbox 1508 2290 1745 2339; x_wconf 79' lang='lat' dir='ltr'><strong>consilium,</strong></span> <span class='ocrx_word' id='word_1_268' title='bbox 1789 2302 1871 2331; x_wconf 90' lang='lat' dir='ltr'><strong>nec</strong></span> 
     </span>
     <span class='ocr_line' id='line_1_39' title="bbox 382 2361 1870 2417; baseline -0.001 -14"><span class='ocrx_word' id='word_1_269' title='bbox 382 2364 469 2404; x_wconf 86' lang='grc'><strong>11113</strong></span> <span class='ocrx_word' id='word_1_270' title='bbox 515 2364 664 2403; x_wconf 88' lang='lat' dir='ltr'><strong>artium</strong></span> <span class='ocrx_word' id='word_1_271' title='bbox 711 2371 783 2404; x_wconf 85' lang='lat' dir='ltr'><strong>aut</strong></span> <span class='ocrx_word' id='word_1_272' title='bbox 827 2370 1046 2417; x_wconf 85' lang='lat' dir='ltr'><strong>gestorum</strong></span> <span class='ocrx_word' id='word_1_273' title='bbox 1092 2364 1401 2404; x_wconf 66' lang='grc'><strong>311110010111111</strong></span> <span class='ocrx_word' id='word_1_274' title='bbox 1444 2362 1659 2412; x_wconf 80' lang='lat' dir='ltr'><strong>memoria,</strong></span> <span class='ocrx_word' id='word_1_275' title='bbox 1706 2368 1778 2402; x_wconf 89' lang='lat' dir='ltr'><strong>aut</strong></span> <span class='ocrx_word' id='word_1_276' title='bbox 1809 2361 1870 2401; x_wconf 90' lang='lat' dir='ltr'><strong>in—</strong></span> 
     </span>
     <span class='ocr_line' id='line_1_40' title="bbox 385 2432 1869 2488; baseline 0 -16"><span class='ocrx_word' id='word_1_277' title='bbox 385 2434 574 2475; x_wconf 86' lang='lat' dir='ltr'><strong>dustriae</strong></span> <span class='ocrx_word' id='word_1_278' title='bbox 607 2435 877 2488; x_wconf 70' lang='lat' dir='ltr'><strong>providentia</strong></span> <span class='ocrx_word' id='word_1_279' title='bbox 911 2442 987 2476; x_wconf 91' lang='lat' dir='ltr'><strong>est.</strong></span> <span class='ocrx_word' id='word_1_280' title='bbox 1021 2436 1085 2475; x_wconf 85' lang='lat' dir='ltr'><strong>Ita</strong></span> <span class='ocrx_word' id='word_1_281' title='bbox 1119 2440 1263 2475; x_wconf 81' lang='lat' dir='ltr'><strong>contra</strong></span> <span class='ocrx_word' id='word_1_282' title='bbox 1298 2434 1339 2474; x_wconf 93' lang='lat' dir='ltr'><strong>in</strong></span> <span class='ocrx_word' id='word_1_283' title='bbox 1370 2433 1525 2474; x_wconf 87' lang='lat' dir='ltr'><strong>sobriis</strong></span> <span class='ocrx_word' id='word_1_284' title='bbox 1560 2432 1772 2473; x_wconf 89' lang='lat' dir='ltr'><strong>sobrietas</strong></span> <span class='ocrx_word' id='word_1_285' title='bbox 1804 2438 1869 2473; x_wconf 88' lang='lat' dir='ltr'><strong>est</strong></span> 
     </span>
     <span class='ocr_line' id='line_1_41' title="bbox 383 2503 1870 2557; baseline -0.001 -12"><span class='ocrx_word' id='word_1_286' title='bbox 383 2506 487 2546; x_wconf 85' lang='lat' dir='ltr'><strong>recti</strong></span> <span class='ocrx_word' id='word_1_287' title='bbox 519 2506 663 2546; x_wconf 85' lang='lat' dir='ltr'><strong>iudicii</strong></span> <span class='ocrx_word' id='word_1_288' title='bbox 695 2515 837 2556; x_wconf 78' lang='lat' dir='ltr'><strong>tenax,</strong></span> <span class='ocrx_word' id='word_1_289' title='bbox 877 2506 1105 2547; x_wconf 86' lang='lat' dir='ltr'><strong>memoriae</strong></span> <span class='ocrx_word' id='word_1_290' title='bbox 1139 2504 1535 2556; x_wconf 84' lang='lat' dir='ltr'><strong>recordationisque</strong></span> <span class='ocrx_word' id='word_1_291' title='bbox 1567 2503 1870 2557; x_wconf 86' lang='lat' dir='ltr'><strong>inseparabilis</strong></span> 
     </span>
     <span class='ocr_line' id='line_1_42' title="bbox 384 2575 1872 2630; baseline -0.002 -13"><span class='ocrx_word' id='word_1_292' title='bbox 384 2577 610 2630; x_wconf 77' lang='lat' dir='ltr'><strong>sapientia,</strong></span> <span class='ocrx_word' id='word_1_293' title='bbox 645 2584 905 2618; x_wconf 74' lang='lat' dir='ltr'><strong>secretorum</strong></span> <span class='ocrx_word' id='word_1_294' title='bbox 940 2584 1098 2627; x_wconf 80' lang='lat' dir='ltr'><strong>custos,</strong></span> <span class='ocrx_word' id='word_1_295' title='bbox 1133 2576 1278 2616; x_wconf 85' lang='lat' dir='ltr'><strong>arcani</strong></span> <span class='ocrx_word' id='word_1_296' title='bbox 1312 2576 1523 2626; x_wconf 72' lang='lat' dir='ltr'><strong>velamen,</strong></span> <span class='ocrx_word' id='word_1_297' title='bbox 1565 2575 1795 2615; x_wconf 85' lang='lat' dir='ltr'><strong>lectionum</strong></span> <span class='ocrx_word' id='word_1_298' title='bbox 1829 2580 1872 2614; x_wconf 91' lang='lat' dir='ltr'><strong>et</strong></span> 
     </span>
     <span class='ocr_line' id='line_1_43' title="bbox 385 2644 1872 2702; baseline -0.002 -14"><span class='ocrx_word' id='word_1_299' title='bbox 385 2648 604 2689; x_wconf 88' lang='lat' dir='ltr'><strong>doctrinae</strong></span> <span class='ocrx_word' id='word_1_300' title='bbox 652 2662 803 2702; x_wconf 77' lang='lat' dir='ltr'><strong>capax.</strong></span> <span class='ocrx_word' id='word_1_301' title='bbox 851 2648 1085 2689; x_wconf 85' lang='lat' dir='ltr'><strong>studiorum</strong></span> <span class='ocrx_word' id='word_1_302' title='bbox 1132 2654 1174 2687; x_wconf 88' lang='lat' dir='ltr'><strong>et</strong></span> <span class='ocrx_word' id='word_1_303' title='bbox 1207 2647 1357 2687; x_wconf 87' lang='lat' dir='ltr'><strong>artium</strong></span> <span class='ocrx_word' id='word_1_304' title='bbox 1392 2646 1597 2687; x_wconf 89' lang='lat' dir='ltr'><strong>bonarum</strong></span> <span class='ocrx_word' id='word_1_305' title='bbox 1644 2644 1872 2698; x_wconf 87' lang='lat' dir='ltr'><strong>disciplina</strong></span> 
     </span>
     <span class='ocr_line' id='line_1_44' title="bbox 383 2715 1869 2773; baseline -0.003 -13"><span class='ocrx_word' id='word_1_306' title='bbox 383 2720 543 2772; x_wconf 78' lang='lat' dir='ltr'><strong>pariter</strong></span> <span class='ocrx_word' id='word_1_307' title='bbox 576 2726 618 2759; x_wconf 86' lang='lat' dir='ltr'><strong>et</strong></span> <span class='ocrx_word' id='word_1_308' title='bbox 650 2721 855 2773; x_wconf 82' lang='lat' dir='ltr'><strong>magistra</strong></span> <span class='ocrx_word' id='word_1_309' title='bbox 877 2719 1158 2772; x_wconf 89' lang='lat' dir='ltr'><strong>ingeniorum.</strong></span> <span class='ocrx_word' id='word_1_310' title='bbox 1194 2725 1235 2759; x_wconf 89' lang='lat' dir='ltr'><strong>et</strong></span> <span class='ocrx_word' id='word_1_311' title='bbox 1260 2717 1564 2771; x_wconf 80' lang='lat' dir='ltr'><strong>capiendarum</strong></span> <span class='ocrx_word' id='word_1_312' title='bbox 1594 2715 1869 2770; x_wconf 87' lang='lat' dir='ltr'><strong>pedissequa,</strong></span> 
     </span>
     <span class='ocr_line' id='line_1_45' title="bbox 384 2786 1869 2843; baseline -0.003 -13"><span class='ocrx_word' id='word_1_313' title='bbox 384 2789 522 2831; x_wconf 86' lang='lat' dir='ltr'><strong>bonae</strong></span> <span class='ocrx_word' id='word_1_314' title='bbox 567 2790 709 2831; x_wconf 79' lang='lat' dir='ltr'><strong>famae</strong></span> <span class='ocrx_word' id='word_1_315' title='bbox 756 2803 927 2843; x_wconf 71' lang='lat' dir='ltr'><strong>semper</strong></span> <span class='ocrx_word' id='word_1_316' title='bbox 971 2789 1110 2838; x_wconf 77' lang='lat' dir='ltr'><strong>avida,</strong></span> <span class='ocrx_word' id='word_1_317' title='bbox 1160 2787 1347 2828; x_wconf 88' lang='lat' dir='ltr'><strong>salubria</strong></span> <span class='ocrx_word' id='word_1_318' title='bbox 1381 2794 1509 2839; x_wconf 86' lang='lat' dir='ltr'><strong>atque</strong></span> <span class='ocrx_word' id='word_1_319' title='bbox 1550 2786 1669 2827; x_wconf 90' lang='lat' dir='ltr'><strong>utilia</strong></span> <span class='ocrx_word' id='word_1_320' title='bbox 1703 2798 1869 2836; x_wconf 85' lang='lat' dir='ltr'><strong>creans,</strong></span> 
     </span>
     <span class='ocr_line' id='line_1_46' title="bbox 385 2857 1870 2914; baseline -0.003 -13"><span class='ocrx_word' id='word_1_321' title='bbox 385 2861 549 2901; x_wconf 71' lang='lat' dir='ltr'><strong>virtutis</strong></span> <span class='ocrx_word' id='word_1_322' title='bbox 596 2862 813 2914; x_wconf 82' lang='lat' dir='ltr'><strong>singulare</strong></span> <span class='ocrx_word' id='word_1_323' title='bbox 848 2860 1063 2908; x_wconf 75' lang='lat' dir='ltr'><strong>auxilium,</strong></span> <span class='ocrx_word' id='word_1_324' title='bbox 1111 2868 1262 2899; x_wconf 79' lang='lat' dir='ltr'><strong>cuncta</strong></span> <span class='ocrx_word' id='word_1_325' title='bbox 1298 2872 1391 2899; x_wconf 87' lang='grc'><strong>011111</strong></span> <span class='ocrx_word' id='word_1_326' title='bbox 1423 2858 1588 2898; x_wconf 84' lang='lat' dir='ltr'><strong>ratione</strong></span> <span class='ocrx_word' id='word_1_327' title='bbox 1622 2857 1870 2910; x_wconf 85' lang='lat' dir='ltr'><strong>disponens,</strong></span> 
     </span>
     <span class='ocr_line' id='line_1_47' title="bbox 387 2928 1872 2985; baseline -0.003 -13"><span class='ocrx_word' id='word_1_328' title='bbox 387 2932 708 2985; x_wconf 58' lang='lat' dir='ltr'><strong>congregationi</strong></span> <span class='ocrx_word' id='word_1_329' title='bbox 743 2932 1017 2973; x_wconf 81' lang='lat' dir='ltr'><strong>honestarum</strong></span> <span class='ocrx_word' id='word_1_330' title='bbox 1052 2943 1221 2983; x_wconf 85' lang='lat' dir='ltr'><strong>semper</strong></span> <span class='ocrx_word' id='word_1_331' title='bbox 1253 2929 1495 2969; x_wconf 87' lang='lat' dir='ltr'><strong>inhaerens.</strong></span> <span class='ocrx_word' id='word_1_332' title='bbox 1540 2928 1663 2968; x_wconf 86' lang='lat' dir='ltr'><strong>Plato</strong></span> <span class='ocrx_word' id='word_1_333' title='bbox 1696 2928 1794 2967; x_wconf 87' lang='lat' dir='ltr'><strong>item</strong></span> <span class='ocrx_word' id='word_1_334' title='bbox 1829 2928 1872 2967; x_wconf 90' lang='lat' dir='ltr'><strong>in</strong></span> 
     </span>
    </p>
   </div>
  </div>
 </body>
</html>
