1919 3273
329 75 407 108 426

330 227 508 273 ‚gustum
531 233 697 261 sumere
720 219 905 272 aliquem
923 219 1007 260 iam
1025 233 1137 260 nunc
1155 219 1393 273 vigiliarum
1411 227 1649 264 nostrarum
1669 222 1823 275 possis,

336 306 388 333 en
424 306 579 346 poema
611 292 688 333 tibi
720 292 853 332 multa
883 291 984 331 lima
1023 292 1269 342 cruciatum,
1315 290 1429 344 quod
1473 291 1624 332 laudes
1657 293 1824 346 poetice

337 363 451 416 quod
485 363 706 404 historiam
753 362 942 404 continet
989 362 1173 403 omnium
1219 362 1309 403 fere
1342 368 1498 404 vatum.
1547 362 1630 403 Sed
1660 362 1826 404 mittam

336 433 656 475 commentarios
682 433 816 487 paulo
844 437 943 486 post
974 434 1017 474 111
1049 433 1092 473 id
1116 446 1225 487 opus
1249 433 1585 486 copiosissimos,
1607 434 1650 475 in
1672 434 1826 487 quibus

336 505 537 558 quicquid
561 505 614 546 de
639 505 758 547 varia
777 504 1000 559 multiplici
1032 505 1216 546 lectione
1240 504 1508 545 condidimus
1529 505 1824 558 explicabitur.

335 577 397 617 Ac
429 573 526 630 (nisi
559 590 625 617 me
660 576 931 618 dulcissimus
965 589 1083 617 amor
1116 576 1307 629 suscepti
1338 575 1498 616 laboris
1521 575 1649 630 fallit)
1682 582 1826 618 tantas

337 662 389 688 ex
412 648 493 689 hoc
513 648 657 689 libello
680 648 797 690 velut
821 661 843 688 e
869 647 1070 688 thesauro
1105 646 1276 688 divitias
1299 647 1578 701 proferemus,
1603 653 1648 687 ut
1674 661 1827 701 magna

336 733 389 759 ex
406 726 527 774 parte
548 719 767 761 studiosae
791 719 1023 760 iuventutis
1043 718 1255 771 quaedam
1279 718 1405 759 veluti
1425 718 1571 772 inopia
1593 719 1824 765 relevetur:

336 805 386 832 ac
410 798 497 832 tum
522 791 720 844 denique7
746 797 860 845 puto,
896 790 1034 842 quivis
1062 789 1275 843 intelliget
1296 804 1419 842 quarn
1449 790 1587 830 ⁷nultis
1619 790 1703 831 ista
1726 791 1827 831 mihi

334 862 702 903 lucubrationibus
722 861 1001 903 constiterint.
1027 860 1168 910 Quare
1192 874 1245 902 110
1270 874 1432 902 cuaeso
1456 867 1651 902 numeret
1672 861 1827 914 Angeli

334 933 534 974 Politiani
568 934 756 974 carmina
788 933 923 974 lector
957 931 1035 973 sed
1068 932 1288 986 ponderet.
1322 932 1385 972 Tu
1414 945 1529 984 vero,
1554 932 1728 983 Mathia,
1752 946 1826 973 rex

332 1018 481 1058 regum
515 1018 688 1058 prorsus
723 1004 908 1045 omnium
942 1003 1233 1055 celeberrime,
1269 1003 1368 1044 dum
1401 1003 1477 1045 tibi
1499 1004 1826 1045 commentarios

333 1089 502 1129 quoque
542 1075 758 1129 ‘nultiplici
790 1075 951 1129 pagina
984 1081 1211 1127 surgentes
1245 1074 1498 1128 evigilamus
1533 1074 1681 1129 accipe
1712 1075 1825 1116 hunc

333 1147 514 1197 interim,
538 1160 657 1200 rogo,
680 1146 871 1187 libellum
895 1146 1013 1187 vultu
1036 1159 1118 1198 quo
1142 1159 1289 1199 regem
1313 1145 1452 1197 decet,
1481 1146 1562 1187 hoc
1583 1153 1649 1188 est
1673 1159 1826 1188 sereno

332 1227 376 1259 et
410 1219 546 1259 hilari.
583 1218 718 1267 Quem
752 1217 830 1258 tibi
862 1217 1065 1258 videlicet
1099 1230 1194 1270 ego,
1236 1217 1272 1258 si
1303 1230 1388 1257 non
1422 1217 1749 1267 eruditissimus,
1783 1227 1826 1258 at

328 1296 450 1331 >certo
486 1296 555 1331 tuo
589 1289 749 1330 nomini
782 1289 1085 1330 devotissimus
1120 1288 1259 1340 homo⁷
1295 1288 1418 1341 quasi
1445 1289 1526 1330 deo
1550 1289 1709 1330 donum
1731 1289 1826 1330 reli-

327 1362 458 1415 giosa
490 1362 645 1403 mentis
679 1367 808 1414 atque
842 1360 972 1402 animi
1005 1360 1166 1414 pietate
1201 1361 1463 1402 consecravi.
1506 1361 1624 1402 Vale.

333 1601 523 1655 Amyclas
555 1599 805 1641 Politianas
824 1599 837 1621 1
868 1598 1025 1641 mathie
1050 1598 1171 1654 Bessi.
1208 1599 1381 1652 Semper
1401 1598 1556 1641 invicto
1579 1598 1826 1652 suppliciter

906 1685 948 1712 se
982 1671 1256 1712 commendat.

454 1791 586 1832 Simia
618 1791 751 1832 fertur
784 1790 949 1832 catulos
983 1804 1084 1832 suos
1118 1790 1256 1831 editos
1295 1803 1447 1831 recens
1480 1790 1540 1830 ita
1572 1790 1826 1832 mirabunda

331 1863 627 1916 contemplari,
662 1862 784 1915 quasi
817 1861 922 1902 nihil
954 1862 1046 1903 fere
1070 1860 1108 1913 (ἶ)
1124 1860 1149 1915 1)
1183 1862 1385 1902 animalia
1413 1861 1561 1903 credat
1585 1861 1824 1904 formosius.

335 1933 423 1975 Sed
457 1940 499 1975 et
547 1934 600 1975 ab
634 1933 805 1974 homine
838 1933 1041 1987 temptari
1075 1933 1250 1975 eosdem
1284 1933 1564 1975 vehementer
1596 1933 1729 1987 pudet
1756 1932 1826 1986 (19).

334 2004 446 2054 Quid
478 2006 607 2060 igitur
652 2006 800 2046 mirum
835 2004 871 2045 si
903 2011 1033 2059 poeta
1066 2018 1234 2058 quoque
1281 2005 1434 2057 aliquis
1468 2005 1550 2046 hoc
1589 2011 1654 2046 est
1687 2018 1826 2045 rerum

334 2087 512 2120 naturae
558 2077 681 2119 simia
727 2091 827 2119 suos
872 2077 932 2117 ita
963 2075 1114 2129 foetus,
1161 2076 1334 2117 adamat
1379 2082 1424 2116 ut
1457 2089 1613 2129 magno
1657 2089 1825 2129 quoque

331 2149 444 2205 Reyz'
469 2148 688 2203 porrz'yere
721 2149 964 2190 tractandos
1010 2146 1202 2189 audeat?
1257 2147 1517 2188 Praesertim
1565 2160 1658 2188 cum
1699 2160 1827 2189 cecus

330 2223 413 2263 iste
459 2234 577 2262 amor
621 2220 686 2262 sui
719 2221 773 2261 sit
818 2220 915 2261 huic
960 2220 1110 2273 generi
1141 2226 1229 2260 tam
1272 2219 1495 2260 familiaris
1528 2224 1574 2259 ut
1612 2218 1826 2260 neminem

334 2292 468 2334 luisse
492 2305 693 2345 unquam,
715 2297 887 2345 poetam
911 2291 1072 2332 scribat
1090 2291 1228 2332 cicero
1248 2290 1319 2343 qui
1340 2291 1560 2332 meliorem
1584 2303 1629 2331 se
1652 2296 1825 2344 poetam

328 2365 462 2405 alium
507 2363 739 2404 crediderit
784 2362 978 2404 inveniri.
1030 2362 1144 2403 Sane
1178 2375 1279 2403 vero
1319 2367 1467 2415 partus
1500 2361 1570 2401 hic
1603 2374 1724 2403 meus
1759 2361 1826 2403 cui

333 2435 487 2476 nutrici
531 2448 687 2475 nomen
720 2434 779 2475 ita
810 2447 923 2475 nunc
969 2433 1071 2475 mihi
1104 2433 1320 2475 blanditur
1357 2440 1401 2474 ut
1434 2447 1519 2475 non
1563 2433 1732 2475 omnino
1764 2432 1825 2473 in-

328 2506 510 2559 dignum
543 2512 702 2559 putem,
736 2505 808 2558 qui
840 2511 936 2546 tuos
970 2518 1138 2558 quoque
1172 2505 1299 2545 etiam
1343 2511 1531 2545 moretur
1563 2503 1824 2557 aliquamdiu

330 2578 481 2618 voculos
515 2576 695 2617 matthia
726 2590 802 2617 rex
833 2577 916 2617 imo
951 2576 1003 2618 de
1038 2575 1203 2616 cunctis
1237 2576 1393 2616 aetatis
1423 2582 1596 2617 nostrae
1634 2574 1825 2628 Regibus

332 2648 436 2689 belli
468 2649 675 2702 pacisque
707 2647 869 2688 artibus
904 2647 1167 2697 admirande,
1204 2647 1323 2688 cuius
1357 2646 1503 2688 audito
1536 2647 1625 2688 viro
1654 2646 1824 2687 nomine

330 2720 455 2761 litere
489 2733 637 2761 omnes
672 2725 713 2760 et
745 2719 932 2772 ingenue
973 2725 1087 2760 artes
1120 2731 1254 2772 prope
1287 2718 1370 2759 iam
1404 2717 1683 2759 moribundae
1716 2718 1824 2759 revi-

457 2871 464 2890 ¹
494 2870 656 2914 Cappon.
684 2871 762 2903 235.
789 2870 814 2904 f.
844 2871 898 2904 18.
926 2870 963 2903 B.
