1955 3278
342 563 408 595 625

343 919 409 952 630

346 1274 412 1307 6:35

348 1634 367 1664 ὕ
376 1632 415 1664 40

347 1988 413 2021 645

348 2345 415 2377 (3:30

350 2701 416 2733 (555

459 269 554 309 Non
588 281 781 322 pugnare
815 267 946 309 audet
980 268 1194 309 constanti
1227 274 1402 321 pectore
1436 268 1545 319 vilis,

517 339 565 380 In
599 339 752 381 castris
785 352 971 393 pugnae„
1006 339 1064 379 nil
1097 338 1178 379 nisi
1212 352 1367 380 nomen
1400 339 1544 381 habet.

459 411 500 452 Is
532 412 686 453 virtute
721 424 798 451 sua
831 423 1048 462 nunquam
1081 409 1301 463 superavit
1333 423 1502 451 amaros

518 482 689 533 Hostes,
725 495 805 523 nec
838 494 1081 534 quenquam
1114 481 1287 522 vincere
1321 480 1439 522 visus
1473 486 1577 521 erat.

463 552 549 594 Sed
582 553 649 594 vel
684 552 926 606 proditione
960 552 1095 605 gravi,
1129 552 1196 592 vel
1231 551 1382 592 fraude
1415 551 1617 605 maligna,

522 623 713 666 Subiecit
746 624 930 678 populos
962 623 1005 663 in
1040 635 1118 663 sua
1149 623 1242 663 iura
1274 623 1432 676 pigros,

462 694 627 750 Spurca
659 695 805 736 Venus
838 694 1049 747 siquidem
1082 694 1269 735 lubricos
1304 694 1552 748 depascitur
1585 700 1702 735 artus

520 766 651 815 Illius„
687 772 729 807 et
762 778 917 819 corpus
952 764 1176 806 debilitare
1211 765 1332 805 solet.

463 837 672 878 Luxuries
707 836 884 877 hebetat
918 841 1033 877 certe
1070 835 1253 888 caligine
1288 848 1442 877 sensus

521 908 709 949 Enervat
741 907 868 956 vires,
902 906 1110 960 langvida
1141 907 1333 948 membra
1362 906 1478 948 facit.

460 980 513 1020 Et
546 979 658 1033 parit
689 979 872 1032 ignavos
906 979 1085 1029 animos,
1119 983 1373 1030 mentesque
1408 977 1585 1032 supinas

523 1050 756 1092 Confundit
789 1050 1024 1096 cerebrum,
1060 1062 1239 1103 corpora
1272 1050 1404 1090 multa
1436 1054 1576 1100 necat,

462 1122 569 1163 Nam
603 1121 733 1162 miser
764 1122 807 1162 in
841 1134 979 1162 mores
1014 1120 1190 1162 defluxit
1226 1120 1562 1174 Sardanapalos⁷

523 1193 614 1234 Hoc
646 1206 749 1234 vera
782 1192 956 1245 dignum
990 1191 1213 1245 relligione
1248 1198 1418 1245 putans.

462 1264 627 1305 Idcirco
662 1264 868 1317 gravibus
902 1276 1073 1317 semper
1105 1263 1317 1304 mollescit
1350 1262 1392 1303 111
1426 1263 1568 1314 armis,

523 1336 615 1376 Hac
648 1335 813 1376 ratione
847 1335 962 1376 valet
997 1348 1176 1388 spurcus
1211 1334 1266 1375 ad
1300 1348 1417 1375 arma
1450 1334 1567 1375 nihil.

463 1406 708 1448 Assvetus¹
742 1406 877 1447 bellat
908 1406 1038 1459 longo
1073 1405 1295 1446 dumtaxat
1328 1405 1382 1446 ab
1416 1418 1509 1457 usu,

524 1478 633 1518 Hinc
666 1478 777 1519 solet
809 1484 999 1519 actutum
1032 1478 1170 1519 victus
1203 1478 1309 1518 inire
1342 1477 1502 1530 fugam.

468 1550 561 1590 Rite
596 1550 779 1603 potestis
814 1563 910 1590 eum
943 1562 1078 1602 parva
1112 1561 1387 1602 compescere
1421 1554 1565 1601 gente,

526 1621 579 1661 Et
612 1620 738 1661 facile
772 1620 968 1674 rapidum
1001 1619 1183 1673 perdere
1216 1619 1329 1661 falce
1364 1633 1527 1660 canem.

466 1692 664 1733 Consona
686 1690 700 1712 2
734 1692 769 1732 si
803 1691 927 1732 dictis
960 1690 1108 1732 videor
1140 1690 1279 1732 minus
1314 1703 1411 1732 esse
1444 1690 1659 1742 loquutus.

523 1763 657 1805 Facta
690 1762 795 1803 satis
829 1769 1011 1816 possunt
1044 1775 1115 1803 ore
1148 1768 1322 1803 tacente
1355 1761 1509 1814 loqui.-

464 1834 501 1875 A
533 1834 688 1877 vestris
723 1834 890 1886 quoties
923 1833 1065 1874 suerat
1099 1840 1296 1887 correpta
1328 1832 1499 1874 veredis

525 1905 641 1947 Grens
674 1904 889 1956 malefida7
924 1904 1029 1945 satis
1063 1905 1227 1958 praelia
1260 1904 1392 1944 multa
1426 1903 1593 1944 docent.

495 1978 687 2018 Antistes
722 1977 850 2017 etiam
883 1976 1050 2022 Petrus,
1085 1976 1317 2028 Banusque
1351 1975 1490 2016 fidelis

524 2048 761 2090 Prostravit
792 2048 943 2102 paucis
978 2048 1151 2101 agmina
1184 2048 1355 2089 Thurca
1389 2047 1501 2088 viris.

467 2120 537 2162 Sic
570 2120 754 2161 Iacobus·
787 2119 889 2160 item
923 2132 1060 2172 nuper
1093 2132 1186 2160 cum
1219 2118 1347 2159 laude
1381 2117 1561 2172 perenni

525 2191 761 2245 Bamphius
795 2191 972 2243 antiqua
1004 2190 1226 2232 nobilitate
1260 2190 1426 2243 vigens,

466 2262 599 2303 Milite
633 2275 728 2303 cum
761 2275 898 2316 pauco
933 2269 1113 2302 turmam
1147 2261 1361 2315 percussit
1392 2260 1595 2313 iniquam,

526 2334 579 2374 Et
612 2333 722 2374 redit
740 2333 754 2353 ³²
788 2333 842 2374 ad
875 2333 1071 2387 proprios
1104 2332 1268 2386 praeda
1300 2338 1478 2385 recepta
1510 2331 1635 2372 lares.

467 2405 612 2446 Patria
644 2410 739 2445 tuta
772 2410 889 2445 esset
921 2417 1094 2458 pagano
1128 2416 1299 2457 semper
1331 2402 1385 2443 ab
1419 2402 1544 2443 hoste

526 2476 591 2517 Illi
624 2476 723 2517 dum
758 2475 907 2516 similis
941 2482 1114 2516 caetera
1146 2474 1271 2515 turba
1303 2473 1427 2524 foret,

467 2548 520 2588 Et
552 2547 643 2588 Rex
677 2552 742 2588 est
774 2546 941 2587 iuvenis
974 2545 1097 2599 regili
1131 2546 1261 2598 stirpe
1296 2551 1480 2594 creatus⁷

527 2618 608 2668 Qui
641 2618 771 2659 vincit
802 2624 992 2659 veterum
1027 2623 1255 2658 stemmata
1289 2616 1406 2656 clara
1438 2620 1618 2668 patrum.

469 2689 549 2739 Qui
581 2690 708 2730 facile
742 2689 898 2743 poterit
931 2701 1078 2730 sacros
1113 2687 1376 2728 contundere
1409 2686 1617 2727 Thurcas.

528 2761 732 2802 Hostibus
768 2767 809 2802 et
842 2760 1014 2801 tumidis
1047 2759 1212 2812 praelia
1246 2758 1351 2799 dura
1385 2757 1500 2798 dare.

469 2911 478 2930 ¹
508 2911 669 2945 Asuetus
698 2912 741 2944 A.
793 2910 805 2928 ²
834 2910 1004 2945 Cousona
1031 2911 1074 2943 A.
1130 2909 1142 2927 ³
1168 2909 1274 2943 rediit
1299 2909 1341 2942 A.
