1898 3278
262 137 306 169 58

261 294 351 321 rum
385 280 628 334 Principum
662 280 703 321 in
738 280 1008 322 aedificando
1043 281 1267 323 audaciam
1300 282 1523 325 fateatur?
1555 283 1672 333 Quas
1695 284 1749 326 ob

260 365 329 392 res
363 365 457 392 611111
491 364 639 392 omnes
672 351 809 392 bonas
842 358 957 393 artes
990 353 1121 403 colas,
1168 361 1210 394 et
1241 355 1282 393 in
1316 353 1462 407 primis
1495 354 1749 396 architectu-

260 435 363 472 ram,
410 435 494 474 qua
526 422 631 462 nihil
663 421 717 462 ad
763 422 1043 476 principalem
1089 423 1451 477 magnificentiam
1484 426 1622 479 magis
1655 439 1749 479 per-

259 494 395 534 tinere
428 492 598 533 videtur
631 499 673 534 et
705 493 941 545 Bandinus,
976 494 1081 535 mira
1114 495 1274 548 ingenii
1296 495 1551 537 dexteritate
1586 497 1749 538 suavis-

259 566 405 615 simus,
451 572 609 617 tuoque
642 565 803 606 numini
837 565 1140 617 deditissimus,
1180 567 1353 608 Antonii
1386 567 1619 608 Averulani
1653 566 1749 620 (sic)

259 636 363 677 civis
408 635 644 677 Florentini
689 649 796 690 opus
845 636 1037 677 mirabile
1088 637 1141 678 (16
1191 638 1478 679 architectura
1516 651 1653 692 nuper
1693 637 1749 679 ad

259 707 529 748 Maiestatem
561 707 759 748 Vestram
792 707 1005 757 attulerit,
1053 708 1168 749 haud
1203 709 1256 750 ab
1289 723 1333 750 re
1368 709 1554 750 fortasse
1587 708 1748 750 factum

259 791 356 819 esse
400 778 576 832 putasti,
624 778 737 831 quod
771 792 793 819 6
825 779 1058 820 vernacula
1101 779 1250 833 lingua
1287 780 1329 820 in
1376 780 1573 821 Latinam
1620 794 1747 833 quam

257 849 437 903 primum
470 849 781 890 traducendam
816 849 988 899 curasti,
1035 850 1382 903 quandoquidem
1415 851 1515 893 hinc
1547 864 1746 905 magnam

257 933 352 961 cum
384 920 578 961 Romana
611 920 865 973 antiquitate
901 921 1094 962 certandi
1127 922 1293 976 copiam
1327 922 1402 963 tibi
1426 922 1615 963 oblatam
1648 935 1747 963 esse

257 991 414 1033 duxisti
460 997 501 1032 et
545 990 660 1032 11061
705 992 815 1032 6111111
860 992 954 1033 Τ113
999 991 1220 1033 Serenitas
1265 1006 1434 1034 omnem
1475 994 1746 1047 symmetriae

255 1062 463 1103 rationem
511 1063 781 1115 omniumque
827 1063 1117 1105 aedificiorum
1165 1070 1416 1105 structuram
1457 1065 1653 1118 accipiet.
1699 1064 1747 1105 ln

257 1146 339 1186 qua
374 1133 545 1186 quidem
578 1133 863 1185 traductione,
909 1147 962 1175 ne
997 1147 1104 1188 opus
1138 1134 1358 1185 evilescat,
1407 1135 1441 1175 si
1474 1134 1638 1175 Latinis
1671 1135 1746 1175 ali-

256 1211 460 1257 quantum
494 1205 717 1246 vocabulis
761 1205 1005 1255 inhaesero,
1045 1206 1205 1259 patitur
1237 1219 1399 1258 quaeso
1433 1218 1571 1258 aequo
1604 1205 1746 1248 animo

254 1276 410 1317 Vestra
443 1275 666 1317 Serenitas
699 1289 765 1317 me
794 1289 878 1317 non
902 1277 1040 1317 minus
1065 1276 1284 1318 doctorum
1309 1290 1434 1329 quam
1454 1277 1746 1331 imperitorum

255 1353 297 1388 et
330 1347 511 1388 Vestrae
545 1346 767 1400 dignitatis
801 1361 852 1389 ac
886 1347 967 1388 mei
998 1347 1181 1389 nominis
1211 1348 1373 1389 habere
1395 1348 1629 1389 rationem:
1664 1361 1745 1401 ego

255 1424 399 1459 autem
431 1419 474 1459 in
508 1418 774 1460 traducendo
805 1418 886 1460 hoc
909 1427 1005 1459 utar
1024 1425 1378 1472 temperamento,
1414 1432 1496 1472 quo
1525 1419 1745 1461 dilucidati

254 1489 380 1530 simul
413 1496 454 1530 et
494 1490 695 1531 latinitati
740 1490 844 1531 satis
878 1490 1023 1531 facere
1058 1489 1253 1531 studebo.
1306 1489 1431 1539 Quod
1465 1491 1544 1532 etsi
1592 1503 1746 1532 severa

253 1560 439 1602 lividave
484 1562 625 1615 potius
672 1575 854 1603 censura
886 1575 953 1602 me
986 1562 1256 1615 praestitisse
1302 1562 1482 1615 negarit,
1523 1561 1744 1604 officiosae

253 1637 397 1673 tamen
430 1633 640 1674 voluntati
673 1638 739 1674 est
772 1632 933 1686 aliquid
965 1632 1287 1686 indulgendum.
1337 1633 1447 1674 Illud
1493 1646 1625 1687 saepe
1659 1646 1744 1674 me-

253 1704 388 1744 moria
430 1711 599 1758 repetat
643 1704 849 1746 Maiestas
894 1704 1061 1754 Vestra,
1111 1703 1225 1756 quod
1269 1704 1440 1757 publice
1486 1704 1744 1757 quandoque

254 1774 433 1826 dictitat,
468 1775 770 1817 verecundiam
804 1776 940 1830 proba
973 1775 1197 1816 debilitare
1230 1775 1419 1828 ingenia,
1455 1782 1496 1816 et
1526 1776 1745 1817 audatiam

253 1846 504 1888 confirmare
538 1860 754 1900 perversa.

252 2010 446 2046 Antonii
479 2009 687 2045 Bonfinii
719 2009 960 2046 Praefatio
995 2009 1045 2045 in
1074 2008 1352 2056 Symposion
1384 2008 1439 2044 de
1467 2007 1744 2054 virginitate

653 2070 699 2105 et
725 2069 781 2105 de
806 2068 1036 2116 pudicitia
1064 2069 1316 2116 conjugali.
1335 2071 1347 2088 ²

374 2158 475 2199 Cum
510 2158 647 2209 Italia,
694 2171 851 2212 parens
896 2158 1049 2199 artium
1083 2164 1125 2198 et
1158 2158 1434 2199 scientiarum
1466 2157 1640 2199 officina
1682 2156 1743 2209 (in

253 2236 540 2270 matronarum
573 2227 751 2282 genere)
785 2229 890 2270 nihil
922 2229 1098 2278 11311631,
1133 2242 1215 2282 quo
1249 2236 1414 2270 tantum
1447 2230 1529 2270 hoc
1552 2236 1743 2283 tempore

253 2300 427 2353 gloriari
450 2300 598 2354 possit,
636 2305 837 2353 quantum
862 2301 921 2341 tui
945 2300 1207 2342 serenissimi
1230 2301 1413 2341 nominis
1438 2300 1742 2350 celebratione,

254 2371 367 2424 quod
399 2372 583 2412 caeteris
629 2378 899 2412 externarum
932 2371 1151 2412 nationum
1183 2372 1384 2413 laudibus
1424 2372 1629 2423 cuiusque
1662 2370 1742 2411 vir-

253 2442 354 2483 tutis
401 2443 658 2484 excellentia
703 2456 779 2484 suo
823 2442 914 2483 inre
949 2442 1077 2484 debet
1116 2443 1334 2493 anteferri,
1380 2443 1482 2484 felix
1515 2455 1566 2483 36
1597 2441 1744 2482 fausta

379 2570 385 2588 ¹
415 2582 457 2604 ex
483 2571 553 2604 hoc
579 2570 741 2611 Morem,
768 2571 944 2616 leelgsesen.

372 2629 384 2647 ²
410 2618 506 2663 Abel
533 2640 551 2663 e
570 2632 630 2664 mii
665 2630 823 2663 1514-iki
842 2630 1028 2664 velenczei
1054 2629 1208 2663 kiadasa
1227 2629 1313 2663 111311
1338 2629 1435 2663 kozh'
1461 2639 1480 2663 e
1502 2628 1740 2672 praefacio-n

253 2689 297 2722 (16
336 2700 421 2734 meg
459 2700 542 2724 nem
579 2694 750 2725 nevezett
787 2690 969 2734 konyvtar
1007 2689 1226 2734 (alighanem
1267 2700 1287 2723 a
1324 2689 1441 2730 Laur.)
1478 2689 1580 2723 2365.
1617 2690 1742 2724 szamt‘i

253 2747 465 2783 codexenek
504 2748 617 2784 eltero'
656 2749 797 2784 lectioit
822 2750 853 2784 is
878 2750 976 2794 J'elzi.
1017 2749 1066 2782 Ez
1095 2747 1316 2782 eltereseket
1343 2746 1388 2782 en
1415 2747 1575 2791 zat-jelbe
1601 2751 1741 2783 16116111,

253 2818 269 2840 a
300 2807 498 2852 ko‘nnyebb
526 2808 726 2843 attekintes
754 2808 946 2853 czeljabol.

371 2867 404 2900 A
431 2868 635 2903 codexeket
661 2859 757 2903 Abel
782 2869 846 2912 igy
873 2868 940 2912 irja
966 2868 1021 2901 le:

372 2926 405 2960 A
426 2928 614 2962 codexnek
634 2928 718 2971 igen
745 2927 939 2971 gazdagon
960 2927 1124 2960 diszitett
1142 2927 1336 2971 czimlapja
1354 2937 1435 2960 van.
1462 2925 1568 2970 Negy
1587 2924 1742 2960 oldalrol
