1919 3273
1493 83 1566 116 4⁴23

95 246 97 249 ’
148 245 357 291 Angelus
384 244 640 281 Politianus
666 245 897 281 Matthiae
924 245 998 282 dei
1023 246 1174 292 gratia
1197 245 1503 282 invictissimo

545 310 811 346 Pannoniae
838 310 938 357 regi
965 310 1004 347 S.
1031 311 1079 347 D.
1097 312 1107 332 ¹

206 436 309 478 Cum
343 438 635 491 superioribus
681 437 832 479 diebus
867 451 946 490 ego
981 444 1023 479 et
1054 439 1279 493 Philippus
1311 439 1440 481 Valor
1471 439 1566 480 Flo-

83 507 290 559 rentinus,
335 514 562 561 praestans
595 509 657 549 vir
692 514 878 561 tuaeque
911 509 1124 550 maiestati
1163 510 1467 561 deditissimus,
1514 510 1566 551 de

78 578 220 635 *nostri
263 579 398 622 seculi
442 579 703 633 principibus
750 592 853 620 casu
896 580 1179 633 loqueremur,
1226 568 1281 623 ac¹
1319 587 1364 621 tu
1407 581 1567 635 primus

87 648 209 690 nobis
240 649 398 690 invicte
430 649 534 701 Rex,
567 649 694 690 immo
727 663 828 691 vero
857 650 971 691 solus
996 651 1430 704 occurrisses,—quem
1451 651 1567 693 vide—

83 733 225 761 remur
268 720 476 762 audacter
520 734 614 762 cum
660 721 809 773 quovis
856 721 1152 762 laudatissimo
1201 727 1391 763 veterum
1438 735 1566 776 posse

83 790 292 842 conferre,
339 792 567 844 castigavit
610 791 681 832 ille
714 805 781 832 me
815 792 956 834 verbis
990 793 1272 845 amicissimis,
1319 792 1432 846 quod
1463 806 1567 833 nun-

82 875 211 915 quam
244 868 316 902 aut
347 862 666 904 lucubrationes
699 863 809 904 ullas
841 864 1091 904 nominatim
1118 863 1349 905 dicaverim
1381 870 1453 904 aut
1483 863 1567 917 epi-

85 933 237 974 stolam
283 933 435 974 saltem
470 933 725 987 scripserim,
772 947 854 986 quo
887 934 964 974 tibi
996 934 1033 976 si
1065 948 1149 975 non
1186 934 1405 988 ingenium
1438 933 1568 986 quod-

82 1017 251 1057 cunque
285 1004 563 1057 doctrinaque
596 1018 704 1056 mea,
751 1011 866 1046 certe
899 1005 1065 1046 animus
1110 1012 1254 1046 tamen
1287 1018 1338 1046 ac
1370 1005 1568 1047 voluntas

81 1075 414 1117 innotescerent.
466 1075 635 1117 Etenim
681 1082 721 1116 te
767 1089 913 1129 regem
957 1077 1221 1131 temporibus
1267 1089 1365 1117 esse
1410 1076 1567 1117 nostris

82 1146 228 1188 aiebat
260 1160 388 1187 unum
421 1144 552 1200 (quod
586 1159 666 1200 ego
689 1147 749 1187 illi
781 1146 982 1188 facillime
1006 1145 1291 1203 assentiebar)
1325 1147 1369 1187 in
1391 1160 1472 1200 quo
1501 1146 1569 1188 vel

84 1217 265 1258 maxime
312 1217 571 1259 celebrando
616 1218 801 1269 labores,
847 1218 1112 1270 industriam,
1162 1218 1418 1272 vigiliasque
1466 1230 1567 1258 suas

82 1301 231 1329 omnes
262 1302 422 1342 ponere
452 1289 628 1330 litterati
656 1289 852 1330 homines
875 1289 1068 1330 certatim
1092 1289 1292 1340 debeant,
1317 1295 1362 1329 ut
1382 1289 1426 1329 in
1450 1288 1568 1329 cuius

84 1359 272 1413 egregiis
316 1359 635 1412 innumerisque
680 1359 880 1401 laudibus
926 1360 1087 1401 habeat
1134 1361 1353 1413 utriusque
1395 1360 1568 1413 linguae

82 1430 267 1484 facultas
300 1430 372 1472 ubi
401 1431 614 1472 liberrime
648 1437 797 1484 posset
830 1437 871 1472 et
903 1431 1017 1472 velut
1049 1432 1091 1472 in
1125 1431 1373 1485 patentibus
1406 1430 1569 1484 campis

84 1502 332 1555 exspatiari.
367 1501 509 1551 Quare
543 1502 707 1555 sumpsi
739 1502 925 1542 animum
956 1500 1126 1555 (fateor)
1163 1502 1215 1543 de
1247 1514 1442 1543 sermone
1474 1514 1569 1555 pru-

82 1572 224 1614 dentis
249 1578 291 1614 et
313 1573 440 1614 amici
459 1573 549 1623 viri,
580 1573 887 1626 gloriosissime
919 1586 1008 1623 rex,
1043 1586 1222 1626 cumque
1255 1573 1395 1614 animo
1425 1572 1567 1615 statim

83 1643 248 1698 sumpsi
280 1644 502 1695 calamum,
536 1644 736 1685 videlicet
773 1644 816 1684 in
850 1644 931 1685 hoc
965 1649 1010 1684 ut
1043 1650 1138 1684 tuas
1176 1643 1353 1685 eximias
1390 1643 1569 1686 virtutes

82 1715 243 1756 honore
266 1715 419 1756 saltem
442 1728 695 1767 quocunque
730 1715 815 1755 stili
847 1715 930 1756 mei
962 1727 1256 1769 prosequerer.
1294 1713 1381 1755 Sed
1404 1727 1499 1756 cum
1522 1727 1568 1755 se

82 1785 185 1826 mihi
215 1786 287 1827 ille
310 1792 397 1827 tam
420 1786 549 1827 multe
574 1791 615 1827 et
636 1799 790 1839 magne
822 1786 1013 1839 protinus
1037 1786 1292 1827 obtulissent
1324 1791 1368 1826 ut
1400 1785 1569 1828 facilius

82 1856 284 1898 mundum
304 1857 465 1911 pugillo
490 1855 533 1911 (l)
553 1870 682 1911 posse
705 1856 936 1907 crederem,
980 1870 1106 1909 quam
1130 1869 1205 1898 eas
1230 1856 1410 1910 epistole
1433 1855 1568 1897 brevi-

83 1934 170 1969 tate
205 1929 430 1982 complecti
457 1934 617 1970 mutato
641 1928 833 1982 protinus
861 1928 1052 1979 consilio,
1080 1927 1223 1968 dilatis
1256 1927 1475 1981 paulisper
1497 1932 1568 1968 tue

82 1999 289 2040 claritatis
324 1999 552 2053 preconiis,
589 1999 718 2040 statui
753 1999 959 2040 duntaxat
993 1999 1036 2039 in
1071 1998 1290 2053 presentia
1326 1996 1568 2051 significare

83 2070 159 2110 tibi
187 2084 254 2112 me
284 2083 452 2124 quoque
486 2084 615 2111 unum
647 2070 738 2111 Rex
772 2083 795 2111 e
828 2071 970 2112 multis
1004 2083 1115 2121 esse,
1150 2069 1220 2122 qui
1253 2081 1408 2121 magno
1443 2068 1570 2108 animi

82 2141 230 2183 favore
263 2147 305 2182 te
338 2155 531 2194 veneror,
566 2142 741 2194 darique
786 2142 888 2182 mihi
921 2141 1191 2182 occasionem
1225 2139 1472 2181 celebrandi
1509 2138 1570 2179 tui

82 2212 265 2254 nominis
290 2214 602 2267 concupiscam.
637 2213 733 2253 Non
758 2213 856 2265 quia
879 2226 945 2253 me
967 2225 1134 2266 sperem
1158 2211 1341 2252 naturali
1363 2209 1569 2252 facundia

82 2297 231 2338 parem
274 2290 345 2325 tue
389 2284 507 2326 laudi
550 2284 655 2336 fore,
701 2283 780 2325 sed
824 2283 937 2336 quod
971 2290 1037 2324 est
1069 2296 1094 2323 a
1126 2281 1393 2336 sapientibus
1436 2280 1569 2323 homi-

83 2355 209 2396 nibus
242 2355 529 2407 observatum,
569 2368 653 2411 non
686 2355 824 2395 minus
857 2354 986 2395 animi
1018 2354 1129 2396 vires
1162 2352 1406 2406 aliquando,
1443 2365 1568 2405 quam

82 2426 245 2480 ingenii
276 2427 479 2469 valuisse.
533 2426 626 2476 Quo
660 2426 772 2467 circa
806 2425 944 2478 siquid
980 2425 1058 2466 erit
1089 2425 1247 2478 inclyte
1278 2437 1367 2474 reX,
1407 2423 1449 2463 in
1486 2435 1568 2475 quo

83 2498 161 2540 tibi
192 2511 289 2539 mea
321 2497 550 2551 gratificari
583 2497 796 2552 professio
829 2496 965 2550 possit
994 2509 1097 2548 rogo
1126 2495 1400 2546 obtestorque
1434 2493 1569 2534 utaris

83 2582 217 2622 opera
260 2575 419 2620 nostra,
466 2569 589 2621 quasi
636 2582 745 2609 unus
794 2582 846 2609 ex
889 2580 939 2608 eo
989 2567 1066 2607 sim
1111 2578 1285 2606 numero
1334 2565 1405 2617 qui
1448 2565 1568 2618 regni

203 2684 214 2704 ¹
246 2685 485 2726 „Doctissime
503 2685 695 2718 illustrium
714 2684 870 2717 virorum
891 2681 1066 2725 Epistole,
1081 2691 1172 2724 quas
1190 2683 1340 2725 rogatus
1360 2679 1569 2714 Politiamcs

84 2744 121 2778 in
146 2744 308 2779 ordinem
334 2744 467 2789 redigit
494 2772 500 2777 .
529 2770 536 2776 .
566 2771 571 2777 .
599 2743 835 2781 Parrhisiis“;
864 2740 1005 2785 vegen:
1036 2739 1282 2781 „MCCCGXV
1306 2738 1349 2782 (5³)
1376 2739 1443 2773 Die
1469 2738 1569 2772 XXII

83 2804 219 2837 mensis
245 2803 456 2838 Decembr.“
481 2823 524 2826 —
545 2803 579 2836 A
603 2802 682 2837 sent
710 2801 850 2835 k'ozlo'tt
875 2800 968 2835 leve'l
995 2800 1032 2841 (a
1051 2798 1281 2833 kilenczedik
1298 2798 1422 2842 konyv
1448 2797 1569 2832 154-ik

84 2862 214 2905 levele)
240 2863 302 2897 fol.
329 2862 508 2897 LVHIb-11
535 2862 592 2895 all.
