1955 3278
1486 153 1554 186 293

77 291 348 345 paternitatis
382 304 499 343 suae,
546 297 588 332 et
618 291 701 332 iam
735 291 777 332 in
810 292 949 333 lucem
982 293 1147 334 exitura
1179 300 1223 335 ut
1265 295 1556 348 unusquisque

77 361 204 403 facile
238 368 280 403 et
311 363 543 416 praecipue
577 362 860 404 ecclesiastici
892 363 1052 404 ordinis
1074 365 1209 412 miles,
1242 365 1309 407 cui
1330 367 1410 407 rite
1433 366 1557 407 deum

79 439 121 474 et
152 433 263 474 iuste
307 433 484 474 laudare
531 432 693 485 absque
739 433 915 487 sincopo
950 440 990 475 et
1022 435 1247 476 verborum
1292 437 1558 478 truncatione

80 517 204 545 sacra
251 517 457 545 canonum
506 504 625 545 iubet
668 504 890 556 institutio,
942 518 994 546 ea
1037 507 1212 558 assequi
1256 507 1406 560 possit,
1452 521 1562 560 quae

79 582 207 615 antea
239 575 398 628 passim
432 575 492 616 ita
524 575 634 616 bene
668 581 862 616 correcta
899 576 1060 617 habere
1094 577 1163 617 vix
1194 577 1324 619 licuit.
1375 578 1562 627 Quorum

78 646 386 699 praestantiam
417 645 545 687 facile
579 645 808 699 dignosces
843 660 866 687 o
898 647 1034 688 lector
1056 648 1227 700 optime,
1263 649 1298 689 si
1320 655 1467 690 vetera
1489 649 1563 690 illa

78 716 291 758 breviaria
330 723 372 758 et
402 717 594 758 rubricas
640 731 735 758 cum
767 717 834 759 his
882 731 966 759 non
999 718 1130 759 fueris
1171 719 1428 772 dedignatus
1463 733 1560 761 con-

78 788 201 830 ferre.
234 787 351 829 Vale.

79 932 409 969 Ioanantonius
429 932 664 969 Modestus
682 932 952 969 Reverendo
976 934 1025 969 D.
1046 934 1294 970 Francisco
1321 933 1560 980 Praeposti

81 997 502 1034 Transsilvaniensi
517 1008 571 1034 ac
591 998 881 1035 Serenissimi
896 999 1130 1046 Ungariae
1145 999 1285 1046 Regis
1301 1011 1327 1035 a
1342 999 1557 1035 seoretis1

198 1084 336 1134 Quum
381 1084 539 1125 dudum
585 1090 627 1125 te
661 1084 802 1126 adhuc
847 1085 899 1126 de
944 1085 1056 1127 facie
1096 1100 1179 1127 non
1212 1088 1441 1137 novissem,
1488 1095 1560 1128 tua

79 1162 223 1197 tamen
255 1156 298 1196 in
332 1168 480 1196 omnes
512 1155 777 1197 humanitate
811 1170 861 1197 ac
885 1157 1091 1209 singulari
1112 1157 1155 1197 in
1180 1157 1395 1198 studiosos
1419 1171 1562 1200 amore

80 1227 239 1267 factum
273 1232 352 1277 est,
399 1233 444 1266 ut
476 1231 517 1267 te
552 1226 776 1268 absentem
810 1227 969 1268 absens
1003 1241 1083 1281 ego
1123 1228 1301 1281 diligere
1335 1229 1564 1282 coeperim.

82 1297 236 1338 Verum
260 1310 387 1349 quum
410 1311 476 1338 me
500 1298 541 1338 in
566 1298 798 1351 Ungariam
821 1298 949 1339 animi
973 1299 1112 1352 gratia
1136 1299 1413 1340 contulissem
1436 1305 1563 1352 teque

81 1368 327 1419 adivissem,
374 1375 460 1409 tum
506 1368 674 1409 demum
721 1382 815 1410 meo
855 1370 898 1410 in
945 1376 986 1411 te
1034 1370 1166 1411 amori
1210 1383 1295 1410 non
1340 1370 1566 1412 mediocris

81 1439 195 1481 facta
231 1446 296 1481 est
329 1440 537 1491 accessio,
571 1454 669 1481 nam
702 1440 745 1481 id
779 1441 892 1493 quod
924 1442 1069 1495 reipsa
1102 1441 1154 1482 de
1187 1448 1228 1482 te
1260 1442 1459 1495 comperi,
1493 1441 1566 1481 mi-

82 1511 196 1552 nima
241 1511 354 1552 illius
398 1511 477 1551 fuit
520 1512 657 1564 portio
704 1512 817 1564 quod
862 1513 1039 1553 aliorum
1083 1512 1405 1566 praedicatione
1450 1513 1567 1566 prius

82 1595 359 1635 acceperam3
404 1582 520 1623 auxit
554 1583 665 1623 enim
702 1584 951 1636 praesentia
982 1583 1154 1624 famam.
1204 1584 1313 1624 Nam
1346 1590 1433 1624 tum
1465 1583 1567 1624 mihi

83 1666 345 1706 cognoscere
394 1660 521 1706 atque
568 1654 722 1695 intueri
768 1654 912 1695 datum
960 1662 1038 1704 est,
1087 1667 1210 1702 quam
1256 1668 1412 1708 magno
1456 1655 1567 1695 inter

81 1725 288 1765 maximas
334 1725 639 1779 occupationes
683 1725 918 1766 litterarum
964 1725 1171 1778 flagrares
1204 1739 1361 1776 amore,
1410 1725 1566 1778 quippe

84 1796 154 1848 qui
199 1808 325 1848 quum
370 1797 484 1849 regis
530 1796 805 1849 negociorum
848 1796 1143 1849 magnitudine
1192 1809 1332 1849 paene
1378 1796 1564 1848 undique

83 1867 289 1917 obruaris,
325 1868 526 1920 nullaque
559 1867 613 1908 ab
647 1867 713 1908 his
747 1867 870 1908 detur
901 1867 977 1908 tibi
1009 1867 1115 1908 hora
1146 1880 1297 1919 vacua,
1343 1874 1486 1908 tamen
1519 1875 1565 1907 tu

84 1939 312 1980 cuiuslibet
355 1938 501 1992 puncti
548 1938 752 1992 temporis
801 1939 1227 1989 observantissimus,
1277 1952 1330 1979 ne
1376 1938 1476 1991 quid
1524 1938 1567 1978 in

84 2023 253 2051 cassum
287 2009 426 2061 abeat,
473 2009 633 2062 aliquid
677 2023 848 2063 semper
879 2010 991 2050 inter
1022 2009 1203 2062 negocia
1249 2009 1325 2050 tibi
1358 2009 1439 2050 ocii
1471 2009 1568 2050 sub-

83 2081 199 2135 ripis,
235 2094 315 2134 quo
349 2086 422 2122 aut
453 2082 496 2121 in
529 2094 733 2121 amoenos
767 2081 994 2121 Poetarum
1029 2094 1203 2134 campos
1238 2081 1459 2134 spaciaris,
1497 2085 1569 2120 aut

82 2153 125 2193 in
157 2152 307 2193 florida
351 2158 565 2193 oratorum
609 2158 732 2206 prata
765 2151 975 2204 evageris,
1026 2151 1205 2192 Accedit
1249 2157 1475 2205 praeterea
1514 2150 1569 2191 ad

84 2224 196 2266 hanc
228 2236 484 2276 generosam
528 2223 657 2263 animi
689 2223 748 2263 tui
780 2222 823 2262 in
856 2222 991 2262 bonas
1037 2228 1150 2263 artes
1195 2222 1381 2263 indolem
1421 2223 1566 2262 huma-

85 2294 261 2335 nissima
305 2294 517 2346 quaedam
549 2295 592 2334 in
625 2294 774 2335 doctos
809 2306 957 2335 omnes
990 2293 1233 2333 humanitas
1274 2299 1401 2345 atque
1434 2293 1568 2333 muni-

84 2365 268 2407 ficentia.
316 2365 426 2406 Nam
471 2365 711 2418 quicunque
758 2378 971 2405 musarum
1018 2365 1151 2405 sacris
1197 2364 1452 2405 candidatus
1485 2364 1568 2404 huc

205 2458 213 2477 ¹
258 2458 504 2498 „Ioanantonii
542 2458 698 2492 Modesti
737 2457 859 2491 Umbri
900 2456 1020 2491 Oratio
1059 2457 1104 2489 de
1131 2456 1332 2490 Aniicitia.“
1376 2456 1410 2489 A
1444 2456 1569 2499 ko'nyv

85 2516 226 2562 vegen:
269 2518 432 2559 „Exeusa
458 2519 542 2551 sunt
566 2517 658 2551 haec
684 2517 848 2551 Viennae
887 2515 1057 2550 Austriae
1086 2516 1130 2549 ab
1161 2515 1383 2559 Hieronymo
1410 2515 1568 2548 Victoris

86 2577 297 2611 Philovalle.
336 2577 442 2610 Anno
469 2577 512 2611 M.
527 2576 570 2610 D.
584 2576 627 2609 X.
667 2579 795 2620 quarto
822 2575 1006 2609 Kalendas
1035 2574 1231 2608 Octobris.“
1274 2572 1570 2618 Negyedretben.

86 2637 140 2669 Αἵ,
169 2635 307 2680 erdelyi
332 2634 493 2679 prepost,
533 2636 640 2670 kihez
668 2646 709 2669 az
738 2633 936 2669 elobeszed
962 2633 1105 2668 intezve
1132 2644 1212 2674 van,
1244 2632 1410 2676 Kemeny
1437 2632 1570 2666 szerint

87 2695 324 2738 (Kalaszatok
340 2707 374 2739 p.
391 2696 458 2736 65„
473 2707 505 2730 v.
522 2699 554 2730 ὃ,
572 2695 858 2729 Schematismus
874 2693 1091 2728 venerabilis
1107 2693 1192 2726 cleri
1207 2693 1372 2726 Dioeces.
1393 2691 1569 2725 Transilv.

88 2755 190 2789 1838.
216 2766 251 2799 p.
270 2755 418 2797 LVIII),
445 2753 670 2798 Zeremlenyi
688 2754 857 2788 Ferenez.
886 2753 997 2786 Denis
1026 2752 1125 2794 (WB.
1144 2763 1178 2794 p.
1198 2752 1262 2793 2531.)
1290 2755 1348 2785 azt
1373 2751 1463 2784 hitte
1484 2750 1569 2789 volt,

86 2814 187 2858 hogy
216 2814 351 2848 Vardai
376 2814 534 2848 Ferencz
578 2814 662 2854 „der
686 2813 846 2847 hernach
877 2823 956 2845 zum
983 2811 1170 2845 Bisthume
1198 2811 1364 2845 daselbst
1398 2810 1570 2854 gelangte

87 2873 161 2906 und
199 2873 332 2908 dessen
373 2871 624 2907 Grabeschrift
661 2872 697 2906 in
723 2871 883 2906 Benko's
922 2869 1207 2914 Transsylvania
1245 2869 1283 2902 P.
1310 2869 1428 2912 priore
1461 2868 1500 2901 T.
1526 2868 1570 2902 11.

88 2943 121 2975 p.
151 2932 228 2966 151.
257 2943 301 2965 zu
328 2932 430 2966 lesen
456 2932 514 2966 ist.
