<?xml version="1.0" encoding="UTF-8"?>
<!DOCTYPE html PUBLIC "-//W3C//DTD XHTML 1.0 Transitional//EN"
    "http://www.w3.org/TR/xhtml1/DTD/xhtml1-transitional.dtd">
<html xmlns="http://www.w3.org/1999/xhtml" xml:lang="en" lang="en">
 <head>
  <title>
</title>
<meta http-equiv="Content-Type" content="text/html;charset=utf-8" />
  <meta name='ocr-system' content='tesseract 3.04.00' />
  <meta name='ocr-capabilities' content='ocr_page ocr_carea ocr_par ocr_line ocrx_word'/>
</head>
<body>
  <div class='ocr_page' id='page_1' title='image "analectanovaadhi00beuoft_0402.png"; bbox 0 0 1919 3273; ppageno 0'>
   <div class='ocr_carea' id='block_1_1' title="bbox 311 123 380 163">
    <p class='ocr_par' dir='ltr' id='par_1_1' title="bbox 311 123 380 163">
     <span class='ocr_line' id='line_1_1' title="bbox 311 123 380 163; baseline -0.058 -1"><span class='ocrx_word' id='word_1_1' title='bbox 311 123 380 163; x_wconf 82' lang='lat'>362</span> 
     </span>
    </p>
   </div>
   <div class='ocr_carea' id='block_1_2' title="bbox 372 268 1375 525">
    <p class='ocr_par' dir='ltr' id='par_1_2' title="bbox 372 268 1375 525">
     <span class='ocr_line' id='line_1_2' title="bbox 372 268 1282 320; baseline -0.003 -8"><span class='ocrx_word' id='word_1_2' title='bbox 372 279 438 314; x_wconf 84' lang='lat'>105</span> <span class='ocrx_word' id='word_1_3' title='bbox 524 269 702 310; x_wconf 87' lang='lat' dir='ltr'>Emulus</span> <span class='ocrx_word' id='word_1_4' title='bbox 734 268 852 310; x_wconf 87' lang='lat' dir='ltr'>laudi</span> <span class='ocrx_word' id='word_1_5' title='bbox 883 268 963 310; x_wconf 77' lang='lat' dir='ltr'>fuit</span> <span class='ocrx_word' id='word_1_6' title='bbox 996 275 1037 310; x_wconf 85' lang='lat' dir='ltr'>et</span> <span class='ocrx_word' id='word_1_7' title='bbox 1070 268 1282 320; x_wconf 79' lang='lat' dir='ltr'>Metellus,</span> 
     </span>
     <span class='ocr_line' id='line_1_3' title="bbox 595 339 1313 394; baseline -0.001 -13"><span class='ocrx_word' id='word_1_8' title='bbox 595 340 785 394; x_wconf 83' lang='lat' dir='ltr'>Inclytus</span> <span class='ocrx_word' id='word_1_9' title='bbox 819 347 938 381; x_wconf 89' lang='lat' dir='ltr'>tanto</span> <span class='ocrx_word' id='word_1_10' title='bbox 973 340 1120 381; x_wconf 85' lang='lat' dir='ltr'>similis</span> <span class='ocrx_word' id='word_1_11' title='bbox 1155 339 1313 390; x_wconf 75' lang='lat' dir='ltr'>decori,</span> 
     </span>
     <span class='ocr_line' id='line_1_4' title="bbox 595 410 1375 465; baseline -0.001 -13"><span class='ocrx_word' id='word_1_12' title='bbox 595 411 740 453; x_wconf 88' lang='lat' dir='ltr'>Testis</span> <span class='ocrx_word' id='word_1_13' title='bbox 773 411 956 453; x_wconf 83' lang='lat' dir='ltr'>Archias</span> <span class='ocrx_word' id='word_1_14' title='bbox 988 412 1132 453; x_wconf 88' lang='lat' dir='ltr'>Itacus</span> <span class='ocrx_word' id='word_1_15' title='bbox 1165 410 1210 463; x_wconf 79' lang='lat'>(1)</span> <span class='ocrx_word' id='word_1_16' title='bbox 1244 416 1375 465; x_wconf 87' lang='lat' dir='ltr'>poeta</span> 
     </span>
     <span class='ocr_line' id='line_1_5' title="bbox 653 483 1004 525; baseline 0.003 -2"><span class='ocrx_word' id='word_1_17' title='bbox 653 483 771 524; x_wconf 86' lang='lat' dir='ltr'>Voce</span> <span class='ocrx_word' id='word_1_18' title='bbox 806 483 1004 525; x_wconf 88' lang='lat' dir='ltr'>disertus.</span> 
     </span>
    </p>
   </div>
   <div class='ocr_carea' id='block_1_3' title="bbox 372 565 1561 990">
    <p class='ocr_par' dir='ltr' id='par_1_3' title="bbox 372 565 1561 990">
     <span class='ocr_line' id='line_1_6' title="bbox 523 565 1337 617; baseline -0.001 -10"><span class='ocrx_word' id='word_1_19' title='bbox 523 565 661 607; x_wconf 88' lang='lat' dir='ltr'>Ambo</span> <span class='ocrx_word' id='word_1_20' title='bbox 696 566 920 607; x_wconf 80' lang='lat' dir='ltr'>certabant</span> <span class='ocrx_word' id='word_1_21' title='bbox 953 566 1055 607; x_wconf 86' lang='lat' dir='ltr'>dare</span> <span class='ocrx_word' id='word_1_22' title='bbox 1089 571 1205 607; x_wconf 87' lang='lat' dir='ltr'>tecta</span> <span class='ocrx_word' id='word_1_23' title='bbox 1236 565 1337 617; x_wconf 81' lang='lat' dir='ltr'>vati,</span> 
     </span>
     <span class='ocr_line' id='line_1_7' title="bbox 372 636 1505 691; baseline -0.003 -11"><span class='ocrx_word' id='word_1_24' title='bbox 372 647 440 681; x_wconf 88' lang='grc'>110</span> <span class='ocrx_word' id='word_1_25' title='bbox 595 637 645 678; x_wconf 84' lang='grc'>111</span> <span class='ocrx_word' id='word_1_26' title='bbox 678 637 847 679; x_wconf 86' lang='lat' dir='ltr'>domum</span> <span class='ocrx_word' id='word_1_27' title='bbox 880 643 1023 679; x_wconf 85' lang='lat' dir='ltr'>vatem</span> <span class='ocrx_word' id='word_1_28' title='bbox 1055 637 1269 691; x_wconf 79' lang='lat' dir='ltr'>propriam</span> <span class='ocrx_word' id='word_1_29' title='bbox 1303 636 1505 678; x_wconf 85' lang='lat' dir='ltr'>volebant</span> 
     </span>
     <span class='ocr_line' id='line_1_8' title="bbox 595 709 1398 762; baseline -0.002 -11"><span class='ocrx_word' id='word_1_30' title='bbox 595 709 652 751; x_wconf 91' lang='lat' dir='ltr'>Ut</span> <span class='ocrx_word' id='word_1_31' title='bbox 684 715 910 751; x_wconf 80' lang='lat' dir='ltr'>vocaretur</span> <span class='ocrx_word' id='word_1_32' title='bbox 942 709 1142 762; x_wconf 81' lang='lat' dir='ltr'>Phrigius</span> <span class='ocrx_word' id='word_1_33' title='bbox 1175 715 1398 762; x_wconf 87' lang='lat' dir='ltr'>perempto</span> 
     </span>
     <span class='ocr_line' id='line_1_9' title="bbox 654 779 1013 821; baseline 0 0"><span class='ocrx_word' id='word_1_34' title='bbox 654 780 836 821; x_wconf 86' lang='lat' dir='ltr'>Nomine</span> <span class='ocrx_word' id='word_1_35' title='bbox 872 779 1013 821; x_wconf 82' lang='lat' dir='ltr'>Graio.</span> 
     </span>
     <span class='ocr_line' id='line_1_10' title="bbox 524 863 1412 919; baseline 0 -13"><span class='ocrx_word' id='word_1_36' title='bbox 524 864 621 906; x_wconf 90' lang='lat' dir='ltr'>Non</span> <span class='ocrx_word' id='word_1_37' title='bbox 654 865 792 904; x_wconf 89' lang='lat' dir='ltr'>minus</span> <span class='ocrx_word' id='word_1_38' title='bbox 826 863 961 905; x_wconf 85' lang='lat' dir='ltr'>debes</span> <span class='ocrx_word' id='word_1_39' title='bbox 996 864 1184 918; x_wconf 85' lang='lat' dir='ltr'>spetiose</span> <span class='ocrx_word' id='word_1_40' title='bbox 1218 864 1412 919; x_wconf 83' lang='lat' dir='ltr'>pinceps,</span> 
     </span>
     <span class='ocr_line' id='line_1_11' title="bbox 595 934 1561 990; baseline 0.002 -14"><span class='ocrx_word' id='word_1_41' title='bbox 595 935 653 977; x_wconf 84' lang='lat' dir='ltr'>Ut</span> <span class='ocrx_word' id='word_1_42' title='bbox 686 941 843 976; x_wconf 82' lang='lat' dir='ltr'>canant</span> <span class='ocrx_word' id='word_1_43' title='bbox 874 941 1061 976; x_wconf 81' lang='lat' dir='ltr'>vestram</span> <span class='ocrx_word' id='word_1_44' title='bbox 1095 934 1355 976; x_wconf 87' lang='lat' dir='ltr'>modulando</span> <span class='ocrx_word' id='word_1_45' title='bbox 1384 937 1561 990; x_wconf 82' lang='lat' dir='ltr'>prolem⁷</span> 
     </span>
    </p>
   </div>
   <div class='ocr_carea' id='block_1_4' title="bbox 373 1006 1469 1119">
    <p class='ocr_par' dir='ltr' id='par_1_4' title="bbox 373 1006 1469 1119">
     <span class='ocr_line' id='line_1_12' title="bbox 373 1006 1469 1060; baseline -0.002 -9"><span class='ocrx_word' id='word_1_46' title='bbox 373 1018 440 1051; x_wconf 88' lang='lat'>115</span> <span class='ocrx_word' id='word_1_47' title='bbox 596 1007 676 1048; x_wconf 92' lang='lat' dir='ltr'>Vel</span> <span class='ocrx_word' id='word_1_48' title='bbox 707 1007 768 1047; x_wconf 90' lang='lat' dir='ltr'>tui</span> <span class='ocrx_word' id='word_1_49' title='bbox 800 1006 961 1048; x_wconf 84' lang='lat' dir='ltr'>factum</span> <span class='ocrx_word' id='word_1_50' title='bbox 994 1006 1129 1060; x_wconf 85' lang='lat' dir='ltr'>patris</span> <span class='ocrx_word' id='word_1_51' title='bbox 1163 1012 1291 1059; x_wconf 85' lang='lat' dir='ltr'>atque</span> <span class='ocrx_word' id='word_1_52' title='bbox 1324 1007 1469 1049; x_wconf 84' lang='lat' dir='ltr'>fratris</span> 
     </span>
     <span class='ocr_line' id='line_1_13' title="bbox 659 1078 1008 1119; baseline 0 -1"><span class='ocrx_word' id='word_1_53' title='bbox 659 1078 837 1119; x_wconf 78' lang='lat' dir='ltr'>Sumere</span> <span class='ocrx_word' id='word_1_54' title='bbox 871 1084 1008 1119; x_wconf 81' lang='lat' dir='ltr'>vates.</span> 
     </span>
    </p>
   </div>
   <div class='ocr_carea' id='block_1_5' title="bbox 375 1160 1480 1429">
    <p class='ocr_par' dir='ltr' id='par_1_5' title="bbox 375 1160 1480 1429">
     <span class='ocr_line' id='line_1_14' title="bbox 529 1160 1322 1204; baseline -0.003 0"><span class='ocrx_word' id='word_1_55' title='bbox 529 1161 575 1204; x_wconf 83' lang='lat' dir='ltr'>Si</span> <span class='ocrx_word' id='word_1_56' title='bbox 608 1161 741 1203; x_wconf 89' lang='lat' dir='ltr'>decus</span> <span class='ocrx_word' id='word_1_57' title='bbox 773 1167 939 1202; x_wconf 84' lang='lat' dir='ltr'>tantum</span> <span class='ocrx_word' id='word_1_58' title='bbox 970 1160 1108 1203; x_wconf 85' lang='lat' dir='ltr'>facies</span> <span class='ocrx_word' id='word_1_59' title='bbox 1142 1162 1322 1203; x_wconf 87' lang='lat' dir='ltr'>sacratis</span> 
     </span>
     <span class='ocr_line' id='line_1_15' title="bbox 598 1231 1480 1287; baseline 0.002 -15"><span class='ocrx_word' id='word_1_60' title='bbox 598 1232 794 1285; x_wconf 65' lang='lat' dir='ltr'>Vatibus,</span> <span class='ocrx_word' id='word_1_61' title='bbox 828 1232 1005 1273; x_wconf 86' lang='lat' dir='ltr'>traddes</span> <span class='ocrx_word' id='word_1_62' title='bbox 1029 1231 1074 1285; x_wconf 78' lang='lat' dir='ltr'>(l)</span> <span class='ocrx_word' id='word_1_63' title='bbox 1108 1232 1312 1286; x_wconf 88' lang='lat' dir='ltr'>opulenta</span> <span class='ocrx_word' id='word_1_64' title='bbox 1344 1246 1480 1287; x_wconf 83' lang='lat' dir='ltr'>regna</span> 
     </span>
     <span class='ocr_line' id='line_1_16' title="bbox 597 1304 1442 1358; baseline 0 -12"><span class='ocrx_word' id='word_1_65' title='bbox 597 1305 705 1346; x_wconf 86' lang='lat' dir='ltr'>Tam</span> <span class='ocrx_word' id='word_1_66' title='bbox 739 1318 868 1345; x_wconf 88' lang='lat' dir='ltr'>manu</span> <span class='ocrx_word' id='word_1_67' title='bbox 900 1305 1024 1357; x_wconf 80' lang='lat' dir='ltr'>larga</span> <span class='ocrx_word' id='word_1_68' title='bbox 1056 1304 1314 1358; x_wconf 84' lang='lat' dir='ltr'>placidoque</span> <span class='ocrx_word' id='word_1_69' title='bbox 1349 1305 1442 1346; x_wconf 85' lang='lat' dir='ltr'>visu</span> 
     </span>
     <span class='ocr_line' id='line_1_17' title="bbox 375 1375 1051 1429; baseline -0.007 -9"><span class='ocrx_word' id='word_1_70' title='bbox 375 1386 443 1420; x_wconf 78' lang='lat'>120</span> <span class='ocrx_word' id='word_1_71' title='bbox 659 1377 873 1429; x_wconf 77' lang='lat' dir='ltr'>Donaque</span> <span class='ocrx_word' id='word_1_72' title='bbox 907 1375 1051 1416; x_wconf 83' lang='lat' dir='ltr'>Musis.</span> 
     </span>
    </p>
   </div>
   <div class='ocr_carea' id='block_1_6' title="bbox 527 1458 1430 1714">
    <p class='ocr_par' dir='ltr' id='par_1_6' title="bbox 527 1458 1430 1655">
     <span class='ocr_line' id='line_1_18' title="bbox 527 1458 1391 1512; baseline -0.001 -11"><span class='ocrx_word' id='word_1_73' title='bbox 527 1460 650 1501; x_wconf 88' lang='lat' dir='ltr'>Tunc</span> <span class='ocrx_word' id='word_1_74' title='bbox 683 1466 800 1500; x_wconf 85' lang='lat' dir='ltr'>tuum</span> <span class='ocrx_word' id='word_1_75' title='bbox 832 1459 947 1501; x_wconf 81' lang='lat' dir='ltr'>vivet</span> <span class='ocrx_word' id='word_1_76' title='bbox 980 1471 1118 1512; x_wconf 79' lang='lat' dir='ltr'>genus</span> <span class='ocrx_word' id='word_1_77' title='bbox 1152 1458 1254 1499; x_wconf 86' lang='lat' dir='ltr'>orbe</span> <span class='ocrx_word' id='word_1_78' title='bbox 1287 1465 1391 1510; x_wconf 76' lang='lat' dir='ltr'>toto,</span> 
     </span>
     <span class='ocr_line' id='line_1_19' title="bbox 599 1529 1381 1581; baseline -0.001 -9"><span class='ocrx_word' id='word_1_79' title='bbox 599 1530 771 1572; x_wconf 86' lang='lat' dir='ltr'>Editum</span> <span class='ocrx_word' id='word_1_80' title='bbox 805 1530 953 1571; x_wconf 75' lang='lat' dir='ltr'>dextro</span> <span class='ocrx_word' id='word_1_81' title='bbox 987 1529 1090 1570; x_wconf 90' lang='lat' dir='ltr'>mihi</span> <span class='ocrx_word' id='word_1_82' title='bbox 1121 1529 1231 1571; x_wconf 86' lang='lat' dir='ltr'>forte</span> <span class='ocrx_word' id='word_1_83' title='bbox 1265 1544 1381 1581; x_wconf 72' lang='lat' dir='ltr'>casu,</span> 
     </span>
     <span class='ocr_line' id='line_1_20' title="bbox 600 1601 1430 1655; baseline 0 -13"><span class='ocrx_word' id='word_1_84' title='bbox 600 1601 678 1643; x_wconf 81' lang='lat' dir='ltr'>Cui</span> <span class='ocrx_word' id='word_1_85' title='bbox 709 1602 811 1643; x_wconf 87' lang='lat' dir='ltr'>licet</span> <span class='ocrx_word' id='word_1_86' title='bbox 844 1608 987 1643; x_wconf 87' lang='lat' dir='ltr'>vestra</span> <span class='ocrx_word' id='word_1_87' title='bbox 1020 1615 1224 1643; x_wconf 84' lang='lat' dir='ltr'>resonare</span> <span class='ocrx_word' id='word_1_88' title='bbox 1259 1615 1430 1655; x_wconf 84' lang='lat' dir='ltr'>semper</span> 
     </span>
    </p>

    <p class='ocr_par' dir='ltr' id='par_1_7' title="bbox 660 1673 1052 1714">
     <span class='ocr_line' id='line_1_21' title="bbox 660 1673 1052 1714; baseline -0.003 -1"><span class='ocrx_word' id='word_1_89' title='bbox 660 1673 826 1714; x_wconf 82' lang='lat' dir='ltr'>Nomen</span> <span class='ocrx_word' id='word_1_90' title='bbox 858 1673 902 1713; x_wconf 92' lang='lat' dir='ltr'>in</span> <span class='ocrx_word' id='word_1_91' title='bbox 934 1673 1052 1714; x_wconf 86' lang='lat' dir='ltr'>urbe.</span> 
     </span>
    </p>
   </div>
   <div class='ocr_carea' id='block_1_7' title="bbox 377 1756 1428 2025">
    <p class='ocr_par' dir='ltr' id='par_1_8' title="bbox 377 1756 1428 2025">
     <span class='ocr_line' id='line_1_22' title="bbox 377 1756 1362 1810; baseline -0.004 -10"><span class='ocrx_word' id='word_1_92' title='bbox 377 1768 442 1800; x_wconf 79' lang='lat'>125</span> <span class='ocrx_word' id='word_1_93' title='bbox 530 1756 599 1799; x_wconf 81' lang='lat' dir='ltr'>Sis</span> <span class='ocrx_word' id='word_1_94' title='bbox 632 1756 709 1797; x_wconf 88' lang='lat' dir='ltr'>tibi</span> <span class='ocrx_word' id='word_1_95' title='bbox 741 1756 886 1808; x_wconf 71' lang='lat' dir='ltr'>foeliX,</span> <span class='ocrx_word' id='word_1_96' title='bbox 919 1756 1204 1810; x_wconf 85' lang='lat' dir='ltr'>placidusque</span> <span class='ocrx_word' id='word_1_97' title='bbox 1238 1756 1362 1797; x_wconf 90' lang='lat' dir='ltr'>nobis</span> 
     </span>
     <span class='ocr_line' id='line_1_23' title="bbox 600 1827 1419 1881; baseline -0.002 -12"><span class='ocrx_word' id='word_1_98' title='bbox 600 1828 768 1881; x_wconf 78' lang='lat' dir='ltr'>Largus</span> <span class='ocrx_word' id='word_1_99' title='bbox 803 1834 845 1869; x_wconf 85' lang='lat' dir='ltr'>et</span> <span class='ocrx_word' id='word_1_100' title='bbox 879 1828 1015 1869; x_wconf 84' lang='lat' dir='ltr'>servis</span> <span class='ocrx_word' id='word_1_101' title='bbox 1048 1827 1278 1868; x_wconf 80' lang='lat' dir='ltr'>retributor</span> <span class='ocrx_word' id='word_1_102' title='bbox 1309 1840 1419 1868; x_wconf 87' lang='lat' dir='ltr'>unus</span> 
     </span>
     <span class='ocr_line' id='line_1_24' title="bbox 601 1899 1428 1952; baseline -0.002 -11"><span class='ocrx_word' id='word_1_103' title='bbox 601 1899 743 1941; x_wconf 89' lang='lat' dir='ltr'>Nosce</span> <span class='ocrx_word' id='word_1_104' title='bbox 779 1905 864 1940; x_wconf 84' lang='lat' dir='ltr'>stat</span> <span class='ocrx_word' id='word_1_105' title='bbox 897 1899 1028 1941; x_wconf 84' lang='lat' dir='ltr'>virtus</span> <span class='ocrx_word' id='word_1_106' title='bbox 1060 1899 1243 1940; x_wconf 88' lang='lat' dir='ltr'>humiles</span> <span class='ocrx_word' id='word_1_107' title='bbox 1276 1905 1428 1952; x_wconf 88' lang='lat' dir='ltr'>poetas</span> 
     </span>
     <span class='ocr_line' id='line_1_25' title="bbox 663 1970 1156 2025; baseline 0.002 -14"><span class='ocrx_word' id='word_1_108' title='bbox 663 1970 901 2025; x_wconf 80' lang='lat' dir='ltr'>Splendide</span> <span class='ocrx_word' id='word_1_109' title='bbox 934 1971 1156 2024; x_wconf 88' lang='lat' dir='ltr'>Princeps.</span> 
     </span>
    </p>
   </div>
   <div class='ocr_carea' id='block_1_8' title="bbox 318 2192 1809 2321">
    <p class='ocr_par' dir='ltr' id='par_1_9' title="bbox 318 2192 1809 2321">
     <span class='ocr_line' id='line_1_26' title="bbox 318 2192 1809 2249; baseline -0.002 -12"><span class='ocrx_word' id='word_1_110' title='bbox 318 2196 390 2237; x_wconf 73' lang='lat' dir='ltr'>Ad</span> <span class='ocrx_word' id='word_1_111' title='bbox 412 2196 591 2238; x_wconf 72' lang='lat' dir='ltr'>eundem</span> <span class='ocrx_word' id='word_1_112' title='bbox 613 2195 758 2237; x_wconf 69' lang='lat' dir='ltr'>divum</span> <span class='ocrx_word' id='word_1_113' title='bbox 781 2194 1080 2236; x_wconf 72' lang='lat' dir='ltr'>Vuladislamn</span> <span class='ocrx_word' id='word_1_114' title='bbox 1099 2193 1330 2249; x_wconf 65' lang='lat' dir='ltr'>Hunffaric</span> <span class='ocrx_word' id='word_1_115' title='bbox 1348 2192 1629 2246; x_wconf 57' lang='lat' dir='ltr'>Bolzemz&#39;ngce</span> <span class='ocrx_word' id='word_1_116' title='bbox 1651 2193 1809 2248; x_wconf 68' lang='lat' dir='ltr'>Reyem</span> 
     </span>
     <span class='ocr_line' id='line_1_27' title="bbox 432 2264 1689 2321; baseline -0.002 -12"><span class='ocrx_word' id='word_1_117' title='bbox 432 2266 559 2321; x_wconf 72' lang='lat' dir='ltr'>pium</span> <span class='ocrx_word' id='word_1_118' title='bbox 586 2266 773 2319; x_wconf 66' lang='lat' dir='ltr'>foelicem</span> <span class='ocrx_word' id='word_1_119' title='bbox 800 2280 964 2319; x_wconf 69' lang='lat' dir='ltr'>semper</span> <span class='ocrx_word' id='word_1_120' title='bbox 994 2265 1214 2317; x_wconf 58' lang='lat' dir='ltr'>iwvietzm</span> <span class='ocrx_word' id='word_1_121' title='bbox 1251 2264 1436 2306; x_wconf 72' lang='lat' dir='ltr'>Carmen</span> <span class='ocrx_word' id='word_1_122' title='bbox 1468 2264 1689 2318; x_wconf 59' lang='lat' dir='ltr'>Lyncum.</span> 
     </span>
    </p>
   </div>
   <div class='ocr_carea' id='block_1_9' title="bbox 534 2397 1452 2652">
    <p class='ocr_par' dir='ltr' id='par_1_10' title="bbox 534 2397 1452 2588">
     <span class='ocr_line' id='line_1_28' title="bbox 534 2397 1321 2452; baseline -0.004 -13"><span class='ocrx_word' id='word_1_123' title='bbox 534 2398 746 2452; x_wconf 89' lang='lat' dir='ltr'>Principis</span> <span class='ocrx_word' id='word_1_124' title='bbox 777 2398 930 2439; x_wconf 86' lang='lat' dir='ltr'>laudes</span> <span class='ocrx_word' id='word_1_125' title='bbox 965 2397 1156 2439; x_wconf 86' lang='lat' dir='ltr'>canimus</span> <span class='ocrx_word' id='word_1_126' title='bbox 1188 2397 1321 2437; x_wconf 90' lang='lat' dir='ltr'>Poete</span> 
     </span>
     <span class='ocr_line' id='line_1_29' title="bbox 604 2467 1452 2523; baseline -0.004 -13"><span class='ocrx_word' id='word_1_127' title='bbox 604 2470 830 2510; x_wconf 86' lang='lat' dir='ltr'>Paululum</span> <span class='ocrx_word' id='word_1_128' title='bbox 862 2469 1026 2523; x_wconf 85' lang='lat' dir='ltr'>plectro</span> <span class='ocrx_word' id='word_1_129' title='bbox 1061 2467 1249 2522; x_wconf 76' lang='lat' dir='ltr'>Cythara</span> <span class='ocrx_word' id='word_1_130' title='bbox 1281 2479 1452 2518; x_wconf 84' lang='lat' dir='ltr'>canora,</span> 
     </span>
     <span class='ocr_line' id='line_1_30' title="bbox 605 2538 1313 2588; baseline -0.004 -7"><span class='ocrx_word' id='word_1_131' title='bbox 605 2540 810 2588; x_wconf 66' lang='lat' dir='ltr'>Cesarem</span> <span class='ocrx_word' id='word_1_132' title='bbox 842 2540 930 2581; x_wconf 87' lang='lat' dir='ltr'>vati</span> <span class='ocrx_word' id='word_1_133' title='bbox 963 2539 1182 2581; x_wconf 86' lang='lat' dir='ltr'>celebrare</span> <span class='ocrx_word' id='word_1_134' title='bbox 1223 2538 1313 2579; x_wconf 85' lang='lat' dir='ltr'>Clio</span> 
     </span>
    </p>

    <p class='ocr_par' dir='ltr' id='par_1_11' title="bbox 666 2611 1079 2652">
     <span class='ocr_line' id='line_1_31' title="bbox 666 2611 1079 2652; baseline -0.002 0"><span class='ocrx_word' id='word_1_135' title='bbox 666 2612 731 2652; x_wconf 87' lang='lat' dir='ltr'>Tu</span> <span class='ocrx_word' id='word_1_136' title='bbox 767 2611 891 2652; x_wconf 85' lang='lat' dir='ltr'>dabis</span> <span class='ocrx_word' id='word_1_137' title='bbox 925 2624 1079 2651; x_wconf 84' lang='lat' dir='ltr'>acrem.</span> 
     </span>
    </p>
   </div>
   <div class='ocr_carea' id='block_1_10' title="bbox 429 2693 1496 2962">
    <p class='ocr_par' dir='ltr' id='par_1_12' title="bbox 429 2693 1496 2889">
     <span class='ocr_line' id='line_1_32' title="bbox 429 2693 1364 2746; baseline -0.004 -9"><span class='ocrx_word' id='word_1_138' title='bbox 429 2706 449 2738; x_wconf 89' lang='lat'>5</span> <span class='ocrx_word' id='word_1_139' title='bbox 534 2695 687 2736; x_wconf 89' lang='lat' dir='ltr'>Preliis</span> <span class='ocrx_word' id='word_1_140' title='bbox 722 2695 878 2746; x_wconf 75' lang='lat' dir='ltr'>audax,</span> <span class='ocrx_word' id='word_1_141' title='bbox 913 2694 1098 2735; x_wconf 89' lang='lat' dir='ltr'>animum</span> <span class='ocrx_word' id='word_1_142' title='bbox 1133 2693 1364 2746; x_wconf 87' lang='lat' dir='ltr'>superbum</span> 
     </span>
     <span class='ocr_line' id='line_1_33' title="bbox 607 2763 1496 2811; baseline -0.004 -4"><span class='ocrx_word' id='word_1_143' title='bbox 607 2766 759 2808; x_wconf 80' lang='lat' dir='ltr'>Gestat</span> <span class='ocrx_word' id='word_1_144' title='bbox 793 2773 835 2807; x_wconf 89' lang='grc'>61</span> <span class='ocrx_word' id='word_1_145' title='bbox 866 2772 1054 2807; x_wconf 82' lang='lat' dir='ltr'>mentem</span> <span class='ocrx_word' id='word_1_146' title='bbox 1086 2763 1253 2806; x_wconf 82' lang='lat' dir='ltr'>validus</span> <span class='ocrx_word' id='word_1_147' title='bbox 1288 2776 1496 2811; x_wconf 68' lang='lat' dir='ltr'>severam,</span> 
     </span>
     <span class='ocr_line' id='line_1_34' title="bbox 605 2834 1479 2889; baseline -0.005 -11"><span class='ocrx_word' id='word_1_148' title='bbox 605 2838 775 2878; x_wconf 84' lang='lat' dir='ltr'>Fortius</span> <span class='ocrx_word' id='word_1_149' title='bbox 808 2837 960 2878; x_wconf 89' lang='lat' dir='ltr'>castris</span> <span class='ocrx_word' id='word_1_150' title='bbox 995 2835 1129 2889; x_wconf 84' lang='lat' dir='ltr'>quatit</span> <span class='ocrx_word' id='word_1_151' title='bbox 1163 2842 1204 2876; x_wconf 86' lang='lat' dir='ltr'>et</span> <span class='ocrx_word' id='word_1_152' title='bbox 1236 2834 1479 2888; x_wconf 82' lang='lat' dir='ltr'>phalanges</span> 
     </span>
    </p>

    <p class='ocr_par' dir='ltr' id='par_1_13' title="bbox 665 2907 1145 2962">
     <span class='ocr_line' id='line_1_35' title="bbox 665 2907 1145 2962; baseline -0.004 -14"><span class='ocrx_word' id='word_1_153' title='bbox 665 2909 894 2962; x_wconf 87' lang='lat' dir='ltr'>Promptus</span> <span class='ocrx_word' id='word_1_154' title='bbox 928 2907 983 2948; x_wconf 86' lang='lat' dir='ltr'>ad</span> <span class='ocrx_word' id='word_1_155' title='bbox 1016 2919 1145 2948; x_wconf 87' lang='lat' dir='ltr'>arma.</span> 
     </span>
    </p>
   </div>
  </div>
 </body>
</html>
