1919 3273
335 139 405 174 370

488 437 532 470 35

486 793 532 826 40

487 1151 532 1183 45

489 1505 533 1539 50

487 1863 531 1895 55

490 2219 532 2252 60

491 2574 534 2607 65

490 2928 534 2962 70

593 283 722 325 Muris
754 283 943 337 undique
976 284 1158 327 fortibus
1193 286 1392 340 superba,

593 355 777 397 Pulchro
811 356 1025 408 Danubio,
1060 356 1221 398 decens
1255 363 1297 398 et
1329 357 1490 411 Hystro

596 426 721 469 Sevis
753 427 986 480 aggeribus
1019 435 1174 469 vocata
1205 427 1342 480 Buda,

593 498 703 540 Hinc
736 503 821 539 stat
853 498 1035 540 ceruleis
1068 498 1247 540 madens
1279 499 1322 539 in
1355 499 1482 540 undis

593 569 705 611 Urbs
738 574 781 611 et
812 570 1086 624 perspicuum
1119 569 1236 611 videt
1267 566 1489 623 liquorem,

593 640 728 682 Dives
760 646 887 692 terra,
921 647 1090 694 potens,
1123 641 1245 682 ferax
1278 655 1494 695 agrorum,

592 711 684 753 Illic
716 711 967 766 Triptolemi
1002 712 1122 764 quies
1155 713 1373 763 remansit,

593 783 752 824 Fluxas
785 782 902 824 obita
935 796 1029 823 cum
1061 788 1178 823 rotas
1209 784 1392 836 reliquit.

592 854 672 895 Hic
704 853 900 895 accincta
934 854 1064 895 Ceres
1099 853 1217 896 sinus
1249 854 1432 906 refersit,

596 924 774 966 Suffecit
806 924 985 979 cupidos
1018 925 1124 966 satis
1155 925 1324 978 ligones

592 996 707 1050 Ipsa,
740 990 938 1038 Bacchus
972 995 1112 1047 adest,
1146 996 1286 1037 bonus
1319 996 1478 1050 Lyeus,

594 1067 799 1109 Gaudens
832 1067 1013 1109 vitiferis
1046 1067 1364 1121 honoribusque

595 1138 773 1181 Umbrat
804 1138 981 1193 palmite
1015 1138 1231 1192 sobriique
1264 1139 1372 1180 ruris

595 1209 737 1252 Colles
771 1216 813 1251 et
844 1210 997 1251 latices
1030 1210 1120 1251 suis
1152 1210 1350 1263 racemis,

594 1281 703 1333 Hinc
736 1280 850 1322 cedit
884 1281 1052 1322 Latium
1084 1294 1201 1322 mero
1234 1282 1477 1334 Falernum,

594 1353 770 1394 Tmolus
803 1352 1044 1407 pampineis
1078 1353 1324 1406 decensque
1359 1354 1518 1405 succis,

594 1425 648 1465 Et
679 1424 896 1478 Metymna
927 1424 1050 1465 ferax
1083 1423 1229 1465 fruens
1263 1437 1417 1478 sapore

594 1495 717 1546 Leto,
751 1495 933 1537 vinifera
965 1495 1188 1549 magisque
1220 1495 1352 1549 Nysa.

594 1567 772 1608 Florens
805 1567 1016 1608 massicus
1051 1573 1092 1608 et
1125 1579 1269 1609 comes
1303 1567 1493 1620 superba

595 1638 698 1680 Uvis
731 1638 842 1680 setia
873 1638 1088 1679 montibus
1120 1638 1328 1691 revincta,

597 1709 782 1751 Bacchei
814 1709 988 1763 gracilis
1020 1710 1090 1751 vel
1121 1723 1206 1752 uva
1239 1709 1371 1751 Gauri

595 1780 678 1830 Qui
708 1786 809 1821 tunc
841 1780 988 1822 Icariis
1022 1781 1153 1822 comis
1187 1781 1357 1823 ovabat.

593 1852 687 1893 Huc
718 1865 875 1894 venere
908 1865 1036 1906 pares
1070 1852 1202 1893 duces
1234 1852 1290 1894 ad
1323 1866 1441 1893 arma

595 1922 871 1964 Vuladislaus
905 1929 1009 1974 erat,
1044 1923 1261 1965 secundus
1295 1924 1402 1965 alter

597 1994 770 2047 Caesar,
803 1994 939 2035 maior
971 2000 1061 2036 erat
1093 1995 1217 2036 timor
1250 1994 1328 2036 sub
1362 1995 1489 2036 armis

596 2065 701 2107 Cum
733 2079 862 2108 sevus
894 2072 1037 2107 ruerat
1069 2072 1310 2120 potensque
1342 2066 1522 2107 Turcus

596 2138 704 2179 Hinc
735 2136 837 2178 hinc
870 2137 1128 2179 conveniunt
1160 2137 1264 2178 tuba
1295 2136 1530 2190 frequenti,

595 2209 648 2250 Et
680 2208 863 2250 tentoria
896 2208 1122 2250 sublocant
1154 2208 1336 2261 utrique,

595 2280 844 2321 Decernunt
876 2279 1042 2332 vigiles,
1077 2279 1255 2332 diesque
1290 2286 1464 2333 ponunt,

597 2351 741 2392 Factis
774 2350 964 2391 excubiis
997 2363 1149 2404 parare
1184 2350 1356 2400 bellum,

595 2421 788 2463 Prefixas
822 2428 1014 2463 statuunt
1045 2427 1171 2462 notas
1205 2421 1409 2471 merendi,

596 2493 807 2534 Ductores
840 2493 1055 2546 proprium
1091 2491 1287 2544 diemque
1322 2498 1508 2533 servant.

596 2564 732 2605 Ambo
766 2563 1028 2617 magnanimi
1059 2570 1185 2604 ruunt
1216 2563 1260 2604 in
1293 2576 1380 2615 ora,

598 2634 870 2688 Consurgunt
902 2635 1032 2686 acies,
1067 2640 1210 2675 truces
1242 2634 1498 2688 phalanges,

597 2705 819 2760 Stringunt
851 2705 1044 2754 letiferos
1078 2718 1178 2746 suos
1211 2719 1289 2759 per
1320 2711 1463 2746 arctus

595 2777 735 2818 Enses
769 2783 810 2818 et
843 2777 974 2830 gladii
1009 2776 1133 2817 simul
1165 2782 1400 2830 pererrant.

597 2848 865 2889 Truncantes
899 2848 1091 2899 miseros,
1116 2844 1317 2901 (nephas)
1342 2847 1573 2901 maniplos.

598 2918 852 2960 Sternuntur
883 2918 1053 2973 pedites
1085 2918 1227 2959 furore
1261 2917 1451 2969 adhesis,
