1955 3278
353 140 421 173 180

358 284 534 325 aliarum
583 283 817 324 litterarum
867 288 1106 324 nostrarum
1155 283 1499 325 donacionalium
1545 284 1699 326 exinde
1748 298 1846 327 con-

356 356 567 397 fectarum
600 355 641 395 in
672 360 924 408 perpetuum
959 355 1275 406 contulerimus,
1309 355 1574 408 velimusque
1609 356 1782 398 eosdem
1803 357 1846 398 in

357 426 588 468 dominium
635 425 827 467 eiusdem
874 432 916 467 et
961 426 1194 467 earundem
1240 440 1317 480 per
1361 432 1549 467 nostrum
1584 434 1626 468 et
1657 433 1845 469 vestrum

357 498 553 539 homines
586 498 732 538 facere
777 497 989 539 introduci
1020 498 1242 551 legittime.
1289 497 1543 539 Mandamus
1581 497 1711 551 igitur
1742 497 1845 540 fide-

354 569 461 610 litati
494 574 637 611 vestre
671 568 820 609 harum
855 569 964 609 serie
998 568 1184 619 firmiter,
1220 569 1419 621 quatinus
1452 574 1639 610 vestrum
1668 569 1847 610 mittatis

357 641 572 682 hominem
618 653 694 694 pro
740 640 984 681 testimonio
1018 639 1101 681 fide
1138 640 1326 693 dignum,
1373 653 1455 693 quo
1489 646 1691 694 presente
1736 653 1847 682 unus

357 727 410 755 ex
443 713 608 754 ellectis
653 712 802 753 iuratis
846 711 1077 752 nobillibus
1122 712 1234 752 illius
1269 712 1494 753 comitatus
1539 711 1847 765 Zagrabiensis

356 785 412 826 ad
444 784 580 826 facies
626 783 728 826 dicti
762 783 891 824 castri
925 790 966 824 et
999 783 1358 837 pertinenciarum
1395 783 1587 824 eiusdem
1620 783 1770 824 vicinis
1805 790 1846 824 et

356 856 663 898 commetaneis
698 855 891 896 eiusdem
925 862 967 895 et
1000 854 1231 895 earundem
1265 854 1475 896 universis
1504 854 1609 896 inibi
1635 854 1845 907 legittime

355 927 603 969 convocatis
649 933 691 967 et
722 926 998 980 presentibus
1043 925 1308 976 accedendo,
1354 925 1596 967 introducat
1628 925 1847 967 antefatos

352 999 642 1050 Franciscum,
676 997 960 1048 Vincentium‚
995 997 1464 1050 Petrumhieronymum
1493 1003 1534 1037 et
1556 996 1846 1038 Alexandrum

355 1071 397 1111 in
431 1070 663 1111 dominium
698 1069 890 1110 eiusdem
926 1075 968 1109 et
1002 1068 1248 1118 earundem,
1284 1074 1529 1121 statuatque
1549 1068 1663 1109 idem
1687 1074 1730 1110 et
1751 1081 1845 1109 eas-

354 1143 451 1184 dem
486 1141 649 1183 eisdem
681 1138 909 1195 p[remisse
940 1145 1085 1181 nostre
1108 1137 1366 1194 donationis]
1403 1140 1524 1181 titulo
1547 1139 1654 1193 ipsis
1686 1140 1845 1181 incum-

352 1214 483 1255 bente
528 1218 737 1267 perpetuo
781 1211 1070 1266 possidendas
1105 1212 1140 1252 si
1173 1225 1257 1253 non
1291 1211 1418 1252 fuerit
1460 1218 1608 1252 contra
1656 1208 1845 1265 [dictum‚

354 1282 518 1339 contra]
567 1284 754 1325 dictores
786 1297 887 1325 vero
922 1283 957 1324 si
991 1283 1061 1335 qui
1093 1283 1251 1324 fuerint
1297 1290 1448 1324 evocet
1488 1282 1663 1324 eosdem
1698 1288 1847 1323 contra

354 1362 584 1398 annotatos
629 1355 920 1406 Franciscum‚
966 1354 1243 1395 Vincencium
1287 1354 1757 1407 Petrumhieronymum
1804 1360 1845 1394 et

351 1427 641 1469 Alexandrum
668 1426 791 1480 regni
823 1426 957 1467 nostri
991 1458 1479 1467 ............
1513 1425 1568 1466 ad
1601 1422 1843 1479 termi]num

353 1505 683 1554 competentem,
717 1498 925 1539 rationem
959 1497 1311 1539 contradictionis
1344 1511 1491 1539 eorum
1518 1494 1778 1551 re[ddituros
1802 1502 1846 1537 et

351 1577 450 1625 post
482 1568 577 1624 hec]
614 1569 859 1611 huiusmodi
881 1569 1208 1611 introductionis
1232 1574 1275 1610 et
1298 1568 1542 1610 statutionis
1569 1569 1725 1610 seriem
1748 1580 1844 1608 cum

352 1642 710 1683 contradictorum
744 1648 786 1682 et
819 1648 1090 1683 evocatorum
1126 1641 1161 1681 si
1194 1640 1265 1693 qui
1296 1640 1454 1681 fuerint
1502 1637 1750 1694 [vicinorum
1783 1636 1841 1692 et]

353 1720 743 1755 commetaneorum
762 1710 848 1766 [qui
862 1712 1069 1766 premisse
1085 1712 1307 1753 statutioni
1323 1712 1573 1763 intererunt,
1584 1707 1841 1764 nominibus]

351 1786 616 1838 terminoque
650 1784 872 1837 assignato
907 1783 1045 1824 eidem
1078 1797 1184 1836 regn
1219 1814 1841 1825 ...............

351 1857 512 1897 Datum
559 1855 768 1909 Sopronfi„
816 1854 884 1896 die
919 1854 1130 1895 dominico
1175 1854 1366 1908 proximo
1402 1861 1501 1908 post
1538 1853 1694 1895 festum
1727 1853 1844 1894 beati

352 1928 515 1970 Urbani
548 1960 861 1969 ........
895 1926 1119 1967 Millesimo
1143 1958 1840 1967 .................

350 2000 440 2042 Nos
485 1999 614 2053 igitur
661 1997 875 2039 mandatis
922 1998 1058 2052 ipsius
1103 1997 1263 2039 domini
1312 1994 1375 2051 [in
1421 1996 1617 2038 omnibus
1666 1995 1842 2038 obedire

351 2071 574 2125 cupientes
599 2077 644 2110 ut
666 2076 872 2121 tenemur,
901 2082 987 2110 una
1010 2082 1104 2110 cum
1128 2068 1307 2110 Nicolao
1328 2068 1587 2122 Ivanowych
1612 2067 1665 2109 de
1688 2068 1842 2109 Brezo-

348 2143 484 2184 wicza
516 2155 599 2182 uno
634 2141 797 2182 scilicet
819 2154 871 2182 ex
895 2173 1331 2182 ...........
1358 2137 1591 2193 nobil]ibus
1615 2140 1841 2181 comitatus

351 2245 839 2256 ............
853 2203 1170 2254 ‘honorabilem
1202 2211 1450 2265 magistrum
1487 2210 1753 2265 Stephanum
1787 2210 1841 2252 de

351 2285 406 2327 Cr
409 2316 675 2327 .......
710 2283 823 2325 diem
869 2280 1145 2337 domi]nicum
1191 2282 1246 2323 ad
1288 2282 1500 2336 premissa
1531 2281 1715 2323 fideliter
1746 2294 1841 2335 per-

351 2355 524 2410 agenda
557 2361 702 2397 nostro
730 2368 806 2409 pro
827 2355 1072 2396 testimonio
1095 2353 1408 2395 transmisimus
1429 2353 1706 2406 fidedignum.
1744 2349 1842 2406 [Qui

348 2427 524 2469 tandem
558 2424 730 2480 ex]inde
765 2426 820 2467 ad
852 2439 930 2467 nos
963 2423 1143 2479 rev[ersi
1173 2426 1267 2479 ipse
1290 2457 1594 2466 ........
1617 2420 1840 2476 Nicolalus

350 2498 477 2539 homo
509 2498 668 2551 regius⁷
701 2498 881 2551 prestito
914 2497 1030 2551 prius
1064 2510 1207 2538 coram
1240 2496 1363 2538 nobis
1397 2495 1608 2550 corporali
1630 2507 1706 2536 suo
1728 2494 1839 2535 iura-

352 2576 510 2620 mento,
545 2575 774 2610 annotatus
807 2582 908 2610 vero
942 2569 1147 2622 magister
1181 2567 1428 2621 Stephanus
1461 2567 1586 2608 homo
1618 2572 1766 2607 noster
1796 2565 1839 2605 in

351 2640 535 2694 puritate
560 2653 636 2681 sue
660 2640 923 2681 conscientie
957 2639 1010 2680 de
1044 2645 1086 2680 et
1114 2652 1242 2692 super
1274 2638 1516 2679 huiusmodi
1548 2637 1665 2678 fideli
1694 2649 1838 2677 eorum

350 2711 603 2752 executione
637 2711 893 2751 unanimiter
924 2707 1190 2764 re[tulerunt]
1228 2723 1278 2751 eo
1311 2709 1452 2761 modo,
1487 2708 1697 2762 quomodo
1731 2707 1839 2748 feria

353 2782 501 2834 quinta
532 2782 574 2822 in
607 2782 753 2835 vigilia
786 2782 949 2824 scilicet
982 2781 1084 2823 festi
1115 2782 1231 2823 beati
1263 2781 1493 2822 Laurencii
1525 2779 1709 2821 martiris
1742 2790 1838 2832 pro-

351 2853 463 2893 xime
497 2853 687 2906 preteriti
719 2852 833 2894 idem
857 2853 1035 2894 ellectus
1067 2853 1230 2893 iuratus
1253 2852 1379 2893 homo
1408 2852 1553 2905 regius
1575 2851 1669 2905 ipso
1692 2855 1838 2890 nostro

349 2924 593 2965 testimonio
626 2930 828 2978 presente
863 2924 917 2965 ad
950 2924 1086 2965 facies
1118 2924 1345 2977 prescripti
1373 2923 1501 2965 castri
1532 2922 1676 2963 Bakar
1697 2918 1839 2962 vocati
