1955 3278
387 155 455 190 276

383 300 534 341 iterum
588 301 856 353 salutandos.
904 303 1186 358 episcopu1n¹
1236 305 1537 359 Colocensem‚
1588 306 1872 362 episcopum²

385 371 641 413 Vaciensem
684 373 943 427 Petrumque
989 375 1242 419 Garasdam.
1297 377 1450 419 Valete
1482 377 1645 420 felices.
1695 379 1756 420 IX
1788 379 1871 420 Mai

383 442 789 486 MCCCCLXXXH.
809 444 823 467 ²
857 447 1113 490 Florentiae.

519 630 753 668 Marsilius
779 632 969 670 Ficinus
994 634 1245 671 Francisoo
1273 635 1487 672 Bandino
1520 635 1558 672 S.
1586 635 1631 671 P.
1659 636 1708 671 D.
1725 638 1737 657 ⁴

502 730 598 773 Misi
630 745 765 786 nuper
809 733 1015 774 nonnulla
1048 733 1104 774 ad
1148 733 1351 774 Mathiam
1385 734 1587 776 invictum
1620 735 1872 777 Pannoniae

383 815 530 856 regem
554 816 606 844 ex
629 809 775 844 nostra
807 803 889 844 hac
923 803 1095 846 officina
1126 804 1210 845 iam
1235 805 1305 846 diu
1339 805 1604 860 deprompta.
1640 819 1693 848 ea
1721 807 1763 848 in
1792 807 1873 861 pri-

383 874 461 916 mis
507 874 716 921 Bandine,
763 888 839 929 spe
886 888 1023 928 eaque
1066 875 1235 927 fiducia,
1269 882 1314 917 ut
1347 890 1456 930 quae
1492 890 1572 930 ego
1605 878 1753 919 nescio
1787 891 1869 930 quo

382 951 510 999 pacto
557 945 757 987 Saturnia
801 946 1003 997 feceram,
1051 960 1128 989 suo
1172 947 1245 989 ille
1291 948 1520 1002 splendore
1565 948 1682 990 Iovia
1726 949 1871 991 faciat.

388 1015 512 1065 Quod
546 1017 744 1069 equidem
776 1017 836 1058 ita
869 1017 1039 1059 demum
1084 1032 1150 1060 me
1186 1019 1314 1061 facile
1360 1032 1486 1073 spero
1531 1026 1872 1072 consecuturum,

387 1087 424 1129 si
457 1101 567 1140 quae
612 1101 691 1129 nos
724 1088 779 1129 ad
813 1103 907 1130 eum
953 1089 1200 1131 Marsiliana
1240 1090 1444 1141 misimus,
1487 1091 1581 1146 ipse
1616 1090 1872 1144 quandoque

385 1158 625 1200 Mercuriali
659 1159 722 1211 (ut
756 1158 919 1213 soles)5
951 1173 1023 1201 ore
1058 1161 1173 1215 apud
1206 1174 1354 1215 regem
1386 1162 1508 1215 regia
1538 1161 1710 1203 reddas.

502 1231 740 1285 Exscripsit
773 1237 916 1272 autem
949 1232 1058 1273 haec
1090 1232 1302 1273 Amitinus
1334 1232 1468 1274 frater
1500 1246 1619 1274 meus
1651 1232 1743 1275 fere
1767 1233 1874 1275 alter

386 1315 466 1355 ego
487 1300 772 1344 Sebastianus
789 1303 1006 1356 legitimus
1023 1303 1269 1357 theologiae
1289 1304 1528 1358 professor3
1552 1304 1621 1345 hic
1640 1304 1740 1345 dum
1757 1304 1872 1345 illam

385 1373 549 1427 legeret
583 1373 932 1427 exscriberetque
966 1375 1205 1429 epistolam7
1239 1375 1282 1416 in
1316 1389 1400 1428 qua
1432 1376 1516 1416 iam
1538 1375 1609 1417 diu
1638 1375 1872 1430 responde-

387 1444 487 1486 bam
510 1445 645 1495 vobis‚
680 1458 765 1486 non
785 1458 915 1500 posse
944 1459 1011 1487 me
1033 1446 1162 1487 facile
1186 1447 1299 1499 quod
1322 1447 1540 1501 optabam,
1562 1459 1743 1488 accessu
1763 1447 1872 1489 istuc

385 1529 481 1557 meo
514 1530 625 1557 nunc
647 1517 753 1558 satis
785 1516 960 1559 vestro⁶
994 1517 1209 1559 desiderio
1242 1517 1387 1559 facere
1420 1531 1505 1560 non
1538 1518 1676 1572 potuit
1703 1531 1749 1559 se
1773 1531 1871 1560 con·

385 1587 569 1637 tine1·e,⁷
615 1588 715 1641 quin
756 1589 879 1641 quasi
924 1589 1096 1641 quidam
1143 1589 1382 1643 semipoeta
1427 1589 1534 1631 meis
1571 1589 1744 1631 auribus
1776 1602 1870 1643 pro-

381 1659 495 1699 tinus
527 1659 765 1700 intonaret:
799 1660 894 1700 Non
927 1660 1080 1714 patiar,
1114 1673 1138 1701 o
1171 1660 1345 1712 Marsili,
1380 1674 1464 1702 non
1497 1661 1637 1715 patiar
1669 1674 1870 1713 unquam,

382 1736 587 1782 quantum
620 1736 782 1784 potero,
829 1738 870 1772 te
904 1744 1090 1784 unquam
1134 1745 1219 1773 non
1252 1745 1382 1786 posse
1429 1731 1543 1784 quod
1576 1739 1713 1786 optes.
1761 1731 1872 1782 Quid

385 1800 524 1855 ergo?
569 1802 731 1854 Inveni,
766 1802 925 1853 Ficine,
961 1803 1072 1844 viam
1108 1800 1266 1856 gratas
1304 1803 1500 1857 repertis,
1535 1816 1646 1855 quae
1679 1809 1797 1844 tanto
1830 1810 1872 1844 te

383 1873 537 1914 reddat
570 1873 720 1916 amico.
755 1875 809 1915 At
836 1887 918 1928 ego
948 1888 1132 1927 quanam
1166 1875 1276 1916 istuc
1296 1872 1311 1895 ·‘'
1345 1874 1525 1926 efficies,
1558 1875 1744 1928 inquam.
1780 1874 1871 1916 Sal-

380 1944 493 1995 vine,
526 1944 630 1986 via?
672 1945 717 1987 Si
751 1959 846 1999 ego,
880 1946 1028 1999 inquit,
1062 1946 1161 1987 illuc
1206 1945 1378 1987 Ficinus
1412 1945 1521 1987 alter
1553 1958 1792 1997 accessero,
1825 1952 1871 1987 tu

382 2016 425 2057 in
458 2030 524 2057 me
559 2018 710 2058 saltem
756 2030 839 2070 quo
872 2017 1079 2071 cupiebas
1113 2017 1366 2059 accesseris.
1384 2016 1417 2040 ¹⁰
1469 2016 1557 2058 Sed
1597 2017 1796 2059 felicibus
1828 2017 1870 2058 in

382 2088 648 2130 Pannoniam
682 2089 883 2130 constitui
916 2088 1121 2142 auspiciis
1153 2087 1380 2142 proficisci.
1415 2087 1463 2129 Id
1496 2095 1561 2130 est
1594 2094 1736 2129 autem
1769 2088 1870 2129 tutis

383 2159 568 2200 Bandini
600 2160 734 2201 nostri
766 2160 962 2214 pedibus,
1003 2161 1074 2213 qui
1106 2166 1147 2201 et
1180 2160 1273 2213 ipse
1319 2159 1504 2200 feliciter
1536 2166 1600 2201 est
1634 2159 1867 2214 profectus.

380 2230 503 2272 Hunc
537 2231 747 2284 equidem,
782 2231 838 2272 mi
882 2231 1126 2282 Francisce,
1161 2236 1202 2271 et
1235 2230 1351 2284 apud
1384 2237 1425 2271 te
1465 2230 1686 2272 laudarem
1720 2237 1762 2272 et
1794 2230 1871 2271 tibi

378 2301 602 2355 plurimum
637 2301 992 2350 commendarem.
1028 2302 1064 2343 si
1094 2302 1165 2343 vel
1198 2301 1370 2343 deceret
1404 2301 1561 2343 alicubi
1591 2301 1768 2343 laudare
1802 2315 1868 2343 me

381 2372 522 2426 ipsum
554 2374 624 2415 vel
668 2379 883 2427 oporteret
927 2372 1226 2415 commendare
1272 2386 1337 2413 me
1370 2372 1483 2414 mihi.
1530 2373 1636 2414 Vale
1670 2372 1866 2414 feliciter.

380 2443 485 2486 Vive
518 2444 645 2486 felix.
699 2444 807 2485 Ama
850 2449 895 2484 ut
940 2445 1068 2495 soles7
1116 2443 1254 2485 scribe
1297 2457 1407 2497 quae
1441 2442 1618 2485 soles.¹¹
1672 2443 1870 2485 Salutant

382 2515 517 2557 amici.
553 2515 702 2557 Saluta
735 2515 908 2557 amicos.
956 2514 1216 2556 Commendo
1250 2521 1291 2555 te
1324 2514 1468 2567 regiis,
1505 2514 1757 2556 commendo
1789 2527 1867 2556 nos

381 2584 522 2640 regi.¹2
558 2586 605 2627 In
639 2599 742 2640 agro
777 2584 1019 2639 Oaregio.¹³
1050 2585 1134 2626 XX
1164 2585 1431 2640 Septembris
1464 2584 1867 2627 MCCCCLXXXII.

499 2714 507 2733 ¹
538 2715 732 2757 epistolam
759 2715 808 2749 H.
862 2713 875 2732 2
901 2713 1023 2749 F-ben
1049 2724 1130 2748 nem
1157 2714 1347 2757 bizonyos,
1390 2713 1480 2747 1482
1506 2723 1603 2758 vagy
1643 2713 1733 2747 1472
1760 2723 1866 2747 van-e

377 2762 462 2796 irva.
505 2760 517 2779 ³
543 2761 726 2805 Hianyzik
746 2762 882 2796 H-ban.
928 2761 940 2780 ¹
966 2773 1001 2805 p.
1021 2762 1099 2795 857.
1120 2781 1164 2785 —
1182 2761 1220 2795 Ρ.
1241 2761 1281 2794 D.
1302 2760 1475 2805 hianyzik
1494 2760 1625 2795 F-ben.
1664 2760 1676 2779 ⁵
1702 2761 1797 2795 solet
1815 2760 1864 2794 H.

380 2809 393 2827 ⁶
420 2812 546 2843 nostro
573 2808 616 2842 F.
667 2809 678 2830 ⁷
706 2810 851 2844 contine
878 2809 927 2842 H.
972 2808 984 2827 '³
1011 2811 1153 2853 gratare
1180 2808 1289 2848 FW„
1316 2809 1416 2842 talan
1439 2810 1646 2852 gratam-ot
1671 2808 1744 2842 kell
1770 2807 1866 2842 imi?

377 2856 390 2875 ⁹
418 2857 538 2891 isthuc
566 2856 608 2890 F.
654 2856 682 2875 ¹⁰
708 2857 864 2891 cesseris
892 2856 934 2890 F.
981 2855 1007 2875 ¹¹
1037 2856 1125 2890 satis
1152 2856 1201 2889 H.
1242 2855 1269 2874 ¹²
1296 2866 1339 2890 ex
1366 2855 1426 2895 H.,
1454 2855 1498 2889 de
1526 2866 1557 2889 v.
1586 2858 1618 2889 ὃ.
1645 2855 1870 2889 Fieinusnak

378 2903 520 2947 Matyas
539 2904 728 2948 kiralyhoz
757 2905 847 2937 1489
868 2906 981 2947 szept.
1003 2904 1087 2938 ss-an
1106 2904 1151 2937 irt
1169 2904 1285 2937 levele
1306 2901 1446 2947 vegen:
1479 2902 1536 2943 „in
1563 2913 1651 2947 agro
1675 2901 1865 2947 Caregi0“.

379 2950 408 2970 ¹³
437 2951 616 2996 Charegio
645 2951 738 2985 FW.
