1919 3273
284 112 360 146 446

288 257 596 310 respondeant.
646 257 754 308 Hae,
800 258 990 311 inquam,
1036 272 1178 312 nugae
1224 265 1397 301 nostrae
1430 273 1514 301 non
1547 259 1688 312 modo,
1728 259 1784 302 ad

288 340 486 369 severum
521 341 708 381 unguem
743 334 923 370 exactae
957 342 1042 370 non
1076 336 1188 381 sunt,
1222 343 1368 372 verum
1402 343 1455 371 ne
1488 330 1666 384 primam
1695 331 1783 384 qui-

289 399 388 440 dem
422 413 593 440 manum
616 406 748 440 totam
773 408 1048 454 acceperunt.
1084 401 1232 455 Nuper
1255 401 1366 443 enim
1388 401 1488 443 dum
1508 401 1783 456 Istrogranae

287 470 415 510 aulae
461 483 698 511 moererem
733 468 776 524 (l)
822 472 977 524 partim
1011 471 1223 513 continuis
1256 472 1375 513 rauci
1407 472 1488 514 fori
1520 473 1783 527 patrociniis,

290 540 445 594 partim
468 541 832 583 Reverendissimi
849 543 948 583 Dni.
971 542 1054 584 mei
1077 543 1127 583 D.
1146 543 1340 585 Thomae
1364 543 1604 585 Cardinalis
1624 543 1784 598 Strigo-

289 611 467 663 niensis,
514 611 667 665 Legati
701 613 950 666 Apostolici,
998 614 1218 666 obsequiis
1251 614 1587 666 inevitabilibus,
1620 615 1681 656 ita
1713 615 1785 656 ob-

291 682 464 723 strictus
499 696 628 735 eram,
662 689 708 724 ut
740 698 766 725 a
793 685 902 725 tanti
934 684 1146 739 Principis
1174 691 1411 739 conspectu
1441 685 1628 727 interdiu
1658 686 1787 727 etiam

290 767 369 807 per
416 760 706 795 transversum
753 755 932 809 digitum
979 755 1136 797 abesse
1169 756 1271 797 mihi
1307 769 1391 798 non
1424 757 1586 799 liceret.
1635 757 1786 810 Itaque

291 838 522 866 necessum
558 833 649 867 erat
680 826 790 867 inter
819 827 1109 880 strepencium
1133 827 1365 868 aulicorum
1399 834 1597 870 catervas
1626 827 1788 881 aliquid

289 896 510 937 literarum
533 897 676 938 furtim
700 904 1007 949 transcurrere,
1043 905 1085 939 et
1117 898 1334 940 nocturnis
1369 899 1681 952 subcisivisque
1715 899 1787 940 ho-

291 967 396 1008 rulis
429 968 687 1021 fuliginosas
722 969 777 1010 ad
808 969 1008 1011 lucernas
1043 969 1255 1022 quaedam
1290 983 1536 1024 excerpere,
1583 976 1788 1024 excerpta

291 1038 336 1079 in
370 1039 563 1080 ordinem
608 1038 821 1093 redigere,
868 1040 1047 1082 redacta
1092 1041 1312 1083 dedolare.
1361 1041 1556 1083 Tandem
1601 1041 1675 1083 ubi
1707 1042 1788 1083 hoc

292 1122 416 1163 opus,
457 1111 525 1152 cui
570 1112 738 1152 titulum
783 1112 964 1153 fecimus
1005 1112 1346 1165 Stauromachia,
1392 1127 1533 1167 paene
1578 1126 1701 1154 suum
1733 1113 1790 1154 ad

293 1181 538 1223 umbilicum
564 1183 930 1236 perduxissemus,
955 1183 1008 1225 de
1029 1191 1209 1238 repente
1237 1184 1430 1226 adscitus
1458 1198 1575 1226 eram
1597 1184 1788 1238 Inclytae

293 1252 475 1294 Albensi
507 1254 863 1296 Transilvanensi
896 1256 1122 1307 ecclesiae,
1166 1256 1209 1297 in
1243 1270 1327 1309 qua
1358 1270 1436 1311 per
1466 1255 1790 1298 Reverendissi-

294 1337 408 1365 mum
442 1325 494 1365 D.
524 1338 664 1366 meum
687 1326 738 1366 D.
772 1326 1049 1368 Franciscum
1073 1327 1127 1369 de
1149 1327 1324 1378 Warda,
1360 1327 1554 1369 eiusdem
1577 1327 1790 1369 ecclesiae

292 1394 417 1436 Pont.
452 1396 647 1449 digniss,
682 1403 771 1438 tum
804 1398 1059 1451 magistratu
1087 1398 1271 1450 Vicario,
1305 1405 1393 1439 tum
1417 1398 1512 1439 aliis
1535 1411 1620 1439 non
1642 1398 1790 1451 vulga-

293 1466 413 1508 ribus
448 1467 709 1509 sacerdociis
755 1467 985 1510 admodum
1018 1470 1215 1523 graciose
1249 1469 1567 1521 suffarcinatus,
1613 1469 1789 1511 Protho-

296 1544 479 1592 mystem
502 1553 599 1593 ago,
634 1539 816 1581 subinde
850 1553 924 1582 eos
958 1540 1090 1582 libros
1120 1542 1358 1583 loculosum
1390 1540 1433 1581 in
1464 1540 1664 1583 scrinium
1697 1554 1791 1582 cum

296 1610 393 1651 aliis
417 1610 623 1652 chartulis
644 1611 750 1652 meis
774 1612 952 1663 conieci,
985 1612 1124 1667 Regia
1143 1612 1267 1654 Buda
1290 1613 1410 1664 solvi,
1449 1619 1491 1654 et
1518 1619 1617 1667 post
1636 1613 1792 1666 longas

295 1682 395 1723 viae
429 1682 638 1735 ambages
671 1682 825 1723 Albam
857 1683 1014 1725 Juliam
1048 1684 1322 1738 pervenimus
1345 1684 1435 1726 vita
1456 1684 1611 1726 comite
1632 1689 1675 1725 et
1696 1696 1791 1738 pro-

296 1753 573 1806 sperantibus
605 1754 721 1805 fatis,
754 1754 827 1795 ubi
860 1762 902 1796 et
936 1754 1195 1808 quotidianis
1228 1755 1421 1809 negociis
1453 1755 1590 1796 instar
1628 1754 1792 1808 hydrae

294 1824 691 1878 subpullulantibus
736 1825 992 1879 praecordia
1024 1833 1172 1868 nostra
1218 1839 1472 1879 sursumque
1505 1826 1792 1878 deorsumque

297 1895 615 1950 multiphariam
649 1896 856 1938 distracta
888 1898 972 1939 alio
1006 1897 1301 1939 intendebant.
1334 1898 1426 1939 Nec
1458 1897 1607 1943 mirum
1638 1896 1683 1938 id
1704 1896 1793 1950 qui-

295 1966 409 2008 dem.
446 1967 558 2017 Quid
592 1968 704 2009 enim
739 1969 982 2011 commercii
1014 1968 1148 2010 Musis
1182 1982 1281 2010 esse
1313 1975 1457 2023 potest
1479 1968 1675 2010 verbosis
1699 1981 1793 2009 cum

295 2037 497 2080 iuribus?
528 2038 634 2080 Illae
668 2053 832 2081 summo
866 2040 1058 2093 gaudent
1091 2041 1184 2081 ocio
1218 2040 1419 2091 literario,
1454 2040 1563 2081 haec
1596 2041 1689 2080 sine
1723 2053 1793 2080 ex-

294 2110 444 2151 tremis
477 2110 663 2151 rixarum
694 2112 889 2164 negociis
922 2125 1141 2164 nunquam
1174 2112 1253 2152 rite
1286 2119 1563 2165 peraguntur.
1606 2110 1792 2152 Proinde

298 2180 382 2221 hae
404 2188 577 2223 nostrae
600 2182 798 2236 inepciae
819 2183 862 2224 in
884 2196 1043 2224 nonum
1069 2196 1206 2235 usque
1230 2196 1423 2224 mensem
1444 2183 1620 2224 clausae
1644 2182 1793 2223 delitu-

300 2263 434 2294 erant.
469 2253 694 2294 Invaserat
726 2268 793 2295 me
827 2254 1013 2296 adversa
1046 2254 1259 2307 quaedam
1291 2253 1497 2297 valetudo
1536 2266 1622 2294 non
1655 2254 1794 2294 minus

300 2322 466 2365 diutina
488 2337 616 2377 quam
639 2325 795 2378 gravis,
822 2325 941 2366 cuius
966 2339 1046 2379 ego
1069 2325 1307 2379 impaciens
1332 2324 1613 2366 clarissimum
1637 2324 1792 2366 Dnum.

300 2395 518 2436 Andream
565 2396 786 2450 Selingum
834 2397 1137 2451 philosophiae
1184 2402 1226 2438 et
1272 2396 1513 2437 medicinae
1560 2395 1793 2445 doctorem,

299 2467 546 2520 languentis
591 2474 770 2509 naturae
805 2468 1044 2509 ministrum
1076 2468 1256 2522 perinde
1301 2467 1507 2509 disertum
1540 2473 1669 2519 atque
1704 2465 1794 2507 dili-

302 2544 490 2591 gentem,
516 2539 679 2580 Sibinio
703 2540 924 2590 accersivi,
959 2540 1030 2592 qui
1053 2553 1179 2580 cursu
1200 2539 1428 2592 Paegaseo
1453 2538 1661 2579 advolans
1685 2538 1795 2578 ultra

299 2608 462 2650 dietam
485 2610 587 2650 mihi
609 2610 842 2651 iniunctam
865 2609 909 2651 id
933 2610 1172 2664 speciatim,
1194 2623 1248 2651 ne
1271 2609 1373 2662 quid
1395 2609 1565 2651 omnino
1592 2608 1794 2650 librorum

300 2680 573 2733 attingerem,
608 2681 972 2722 interminabatur.
1005 2681 1099 2735 Ego
1134 2688 1277 2722 autem
1309 2681 1352 2721 in
1384 2680 1513 2722 Plinii
1535 2680 1795 2721 sententiam

302 2750 486 2804 pedibus
519 2752 668 2802 iturus,
714 2765 838 2793 omne
871 2752 914 2793 id
954 2752 1157 2807 temporis
1201 2753 1315 2805 quod
1350 2752 1489 2793 studio
1523 2765 1608 2792 non
1641 2751 1795 2804 imper-

301 2821 452 2873 ciatur,
488 2823 626 2877 perire
658 2830 791 2875 ratus,
827 2824 1091 2866 committere
1125 2824 1254 2875 nolui,
1288 2830 1333 2865 ut
1355 2830 1570 2878 sumptum
1602 2823 1793 2877 praecio-

302 2893 520 2935 sissimum
553 2894 786 2936 vilissimus
833 2895 1022 2949 corporis
1067 2895 1239 2936 morbus
1273 2895 1354 2937 sibi
1387 2901 1520 2936 totum
1565 2894 1794 2948 abriperet,
