1898 3278
241 121 284 153 68

242 263 548 304 munitissima:
583 275 682 303 arce
716 261 900 314 denique
933 260 1143 315 praedita,
1183 274 1267 312 qua
1300 260 1403 301 nihil
1436 261 1479 301 in
1511 260 1614 302 orbe
1646 268 1728 302 ter-

241 348 381 376 rarum
426 332 685 374 mirabilius:
731 332 902 385 quando
935 338 1026 373 tota
1059 331 1251 385 pensilis,
1298 337 1340 372 et
1374 344 1503 386 supra
1542 332 1728 373 culmina

241 405 432 460 pensiles
455 417 622 457 quoque
648 403 794 444 hortos
817 402 966 444 habet:
1002 403 1212 444 altissima
1236 401 1391 443 circum
1412 402 1574 444 munita
1592 402 1727 454 fossa,

242 475 449 529 quadrato
481 474 625 528 lapide
659 479 916 524 constructa,
951 480 994 514 et
1026 473 1148 525 aquis
1182 473 1472 514 circumventa
1497 473 1540 514 in
1560 473 1728 514 insulae

242 545 572 588 similitudinem.
595 544 826 597 Augebant
848 544 957 585 haec
976 543 1176 598 imposita
1198 543 1435 597 praesidia;
1470 543 1729 585 munitiones

243 618 516 666 innumerae3
551 616 755 657 obstinati
778 615 1059 669 opidanorum
1081 614 1222 656 animi.
1255 615 1391 655 Nemo
1415 614 1470 656 ad
1493 613 1727 656 secundum

241 687 429 743 lapidem
462 693 551 728 tuto
585 686 929 741 oppropinquare
962 691 1143 739 poterat.
1191 685 1292 726 Tria
1325 698 1492 738 quoque
1526 684 1731 727 suburbia

241 759 524 800 munitissima
556 757 703 798 urbem
736 756 1048 810 protegebant:
1084 769 1215 808 quare
1246 757 1400 810 partim
1424 756 1602 810 palustri
1623 756 1728 807 solo,

242 831 393 885 partim
428 830 615 871 amnium
655 827 1156 882 propugnaculorumque
1192 826 1457 878 difficultate,
1491 827 1591 868 urbs
1618 827 1730 868 hosti

243 902 351 943 adiri
383 915 467 942 non
512 904 695 954 poterat,
741 912 880 951 neque
914 898 1065 940 diverti
1112 897 1298 949 flumina,
1344 911 1484 951 neque
1523 898 1730 940 cuniculis

243 973 404 1014 moenia
437 971 580 1013 subiri.

361 1043 614 1095 Ubicunque
661 1041 956 1092 effodiebatur‚
1002 1040 1154 1081 latices
1199 1041 1503 1094 emergebant:
1551 1040 1729 1095 proinde

242 1115 348 1155 nihil
381 1120 484 1165 arte,
518 1120 755 1166 naturaque
802 1112 1004 1153 munitius
1045 1117 1211 1166 poterat
1244 1112 1490 1165 excogitari.
1539 1111 1730 1153 Accede—

243 1186 347 1227 bant
379 1186 625 1226 Noricorum
659 1185 920 1225 munimenta
953 1183 1169 1233 montium,
1217 1183 1288 1235 qui
1320 1183 1469 1224 urbem
1500 1184 1544 1224 in
1575 1183 1731 1224 theatri

244 1257 433 1311 speciem
452 1256 804 1306 circumstabant3
826 1254 937 1296 unde
959 1254 1011 1295 ab
1030 1254 1351 1295 imminentibus
1370 1253 1558 1307 undique
1577 1254 1731 1295 castel-

243 1329 295 1369 lis
330 1327 545 1369 subveniri
567 1333 748 1381 poterat,
773 1330 810 1367 et
833 1326 1145 1379 circumspectu
1169 1324 1181 1376 (
1187 1339 1207 1365 e
1230 1324 1557 1379 circumspectu)
1584 1325 1731 1367 obses—

245 1412 385 1441 sorum
418 1399 548 1439 animi
582 1397 832 1440 confirmari.

361 1470 456 1511 Tua
488 1476 629 1510 autem
663 1469 888 1519 serenitas,
924 1468 1023 1521 quia
1046 1467 1221 1509 videbat
1248 1467 1353 1508 nihil
1374 1467 1417 1508 in
1439 1458 1732 1509 Austria‘esse

245 1547 428 1595 gestum,
462 1541 545 1582 nisi
567 1540 674 1581 haec
700 1540 864 1589 civitas,
898 1539 1095 1580 Austriae
1120 1547 1262 1593 caput,
1285 1538 1559 1592 Imperatoris
1581 1538 1732 1592 Regia,

244 1613 389 1654 Patria
421 1612 708 1666 Augustorum
743 1618 784 1652 et
817 1610 1104 1664 sepulchrum,
1138 1616 1266 1663 atque
1297 1610 1581 1651 munitissima
1613 1609 1730 1651 deni-

245 1697 327 1737 que
361 1697 462 1738 spes
496 1689 538 1724 et
570 1684 706 1724 tutela
737 1682 939 1736 regionis,
975 1682 1017 1722 in
1052 1681 1254 1723 ditionem
1287 1687 1403 1722 tuam
1436 1682 1729 1735 pervenisset:

243 1762 330 1797 tam
357 1756 601 1797 vehementi
621 1755 761 1796 animo
785 1754 1149 1808 oppugnationem
1173 1752 1325 1794 adorta
1347 1760 1426 1804 est,
1448 1760 1493 1794 ut
1515 1766 1731 1805 nunquam

245 1828 298 1868 sit
331 1827 399 1868 die
432 1834 645 1880 noctuque
679 1833 908 1868 cessatum.
953 1825 1203 1865 Primarium
1235 1830 1360 1865 nocte
1405 1824 1653 1865 suburbium
1688 1824 1729 1865 vi

245 1906 440 1953 captum3
488 1898 559 1939 ubi
591 1898 651 1938 tui
683 1897 851 1942 milites,
898 1896 1196 1937 homerotenus
1242 1893 1580 1948 (humerotenus)
1619 1908 1731 1948 aqua

245 1983 465 2023 caenoque
498 1969 693 2023 trajecto,
726 1975 813 2009 tam
846 1968 1113 2022 praeclarum
1148 1967 1243 2007 ausi
1273 1966 1442 2007 facinus
1464 1979 1549 2007 non
1572 1965 1731 2007 medio-

245 2055 358 2084 crem
392 2042 473 2083 sibi
504 2040 677 2082 laudem
711 2046 1023 2093 compararunt.
1071 2038 1329 2091 Expugnato
1364 2037 1581 2088 suburbio,
1614 2038 1734 2078 varia

245 2118 548 2154 tormentorum
581 2124 743 2165 genera
776 2110 869 2152 urbi
901 2110 1077 2164 propius
1105 2108 1303 2159 admota;
1340 2107 1534 2162 inprimis
1569 2121 1644 2149 sex
1669 2108 1732 2149 in-

245 2198 378 2226 sanae
423 2183 524 2224 belli
568 2182 806 2232 machinae,
853 2195 904 2222 ex
938 2194 1037 2222 aere
1084 2180 1309 2229 conflatae,
1356 2179 1593 2233 profligatis
1632 2179 1731 2220 olim

245 2256 396 2296 Turcis
430 2261 630 2308 ereptae;
678 2267 788 2306 quae
821 2253 969 2294 urbem
1003 2253 1063 2293 ita
1096 2258 1273 2304 quatere
1319 2259 1558 2305 coeperunt,
1605 2257 1647 2291 et
1680 2263 1731 2291 ea

245 2326 512 2380 potissimum
545 2331 681 2379 parte,
716 2338 825 2378 quae
861 2330 1027 2378 spectat
1051 2323 1107 2365 ad
1130 2323 1353 2373 Viennam,
1378 2329 1422 2362 ut
1446 2335 1594 2363 omnes
1616 2321 1731 2362 ilhnc

246 2404 396 2447 turres,
430 2410 658 2449 murosque
692 2395 976 2450 protriverint.
1012 2395 1109 2436 Mox
1130 2400 1343 2435 tormenta
1362 2392 1549 2445 undique
1572 2392 1731 2433 moeni-

246 2469 325 2509 bus
359 2468 528 2517 adacta,
564 2476 604 2508 et
628 2467 687 2508 ita
710 2467 900 2521 proxime
935 2466 1266 2507 circumerectae
1299 2472 1438 2505 turres
1460 2464 1731 2505 castellorum

245 2540 391 2589 instar,
426 2546 471 2579 ut
504 2539 693 2580 cominus
727 2551 820 2578 cum
855 2537 1090 2590 oppidanis,
1124 2536 1206 2576 nisi
1236 2534 1465 2588 interJecta
1497 2535 1616 2576 fossa
1637 2547 1731 2588 pro-

245 2610 470 2659 hibuisset,
494 2623 645 2650 manus
670 2621 897 2650 conserere
920 2608 1174 2662 potuissent.
1210 2606 1353 2656 Quare
1377 2605 1499 2647 mum
1524 2604 1733 2659 (nimium)

247 2680 552 2734 oppidanorum
578 2681 747 2721 attritae
768 2680 894 2731 vires,
918 2686 960 2720 et
983 2677 1244 2719 consternati
1266 2677 1408 2728 animi⁷
1433 2676 1620 2730 superba
1641 2676 1730 2717 ubi-

247 2766 328 2804 que
352 2752 528 2805 fastigia
550 2751 760 2792 machinis
784 2750 1034 2792 deturbata:
1070 2756 1218 2790 contra
1239 2748 1300 2789 illi
1332 2748 1491 2788 nullum
1517 2746 1730 2788 defensio—

248 2824 312 2863 nis
344 2836 481 2875 genus
516 2822 884 2876 praetermittere,
921 2820 1062 2861 diruta
1090 2820 1260 2860 moenia
1299 2831 1459 2872 aggere
1502 2830 1729 2872 reparare3

249 2906 407 2946 quassa
430 2900 469 2934 et
493 2893 687 2934 nutantia
710 2891 944 2941 succidere,
967 2904 1019 2932 ne
1041 2891 1157 2931 foras
1181 2890 1382 2930 devoluta
1401 2889 1566 2930 fossam
1589 2888 1730 2942 ample
