1955 3278
85 461 130 494 80

85 816 128 849 85

86 1169 130 1203 90

87 1524 130 1557 95

63 1878 130 1912 100

62 2233 130 2269 105

62 2587 129 2621 110

178 239 369 292 Legibus
402 244 445 279 at
478 238 644 292 spurcis
676 238 760 278 iam
794 250 898 289 quos
932 251 1082 291 parere
1117 237 1268 290 coegit,

240 309 326 350 Seu
360 321 465 361 quos
498 309 675 362 imperio
709 307 896 348 subdidit
928 308 999 348 ille
1034 321 1124 357 suo,

179 380 397 433 Augustas
430 380 609 420 miseros
643 385 859 420 contracto
893 378 1050 430 frigore
1084 378 1304 430 quosdam.

239 450 475 491 Nonnullos
509 450 695 502 graviter
727 449 974 491 verberibus
1008 449 1166 490 cruciat

181 521 552 574 Compedibusque
586 526 703 561 tenet
736 527 887 563 certos,
923 527 963 560 et
997 533 1166 561 carcere
1202 533 1340 561 caeco

237 592 388 633 Esurie
421 591 608 643 reliquos
642 590 792 644 affligit
827 598 954 643 atque
990 591 1059 632 siti

178 664 267 705 Hos
300 670 493 704 armenta
524 663 640 704 ferus
673 664 835 716 campis
869 662 1083 715 compellit
1116 662 1274 714 apertis

238 735 423 776 Pascere
458 735 669 784 continue,
705 735 999 787 setigerosque
1034 746 1146 774 sues.

180 805 355 859 Cogitur
386 806 422 846 is
454 805 649 846 manibus
683 805 812 845 muris
847 804 1100 846 subvolvere
1135 817 1251 850 saxu,

237 875 454 917 Artificum
487 876 680 916 manibus
713 876 831 928 ligna
863 875 1093 927 trabesque
1128 875 1241 915 dare.

179 946 359 987 Vomere
394 946 471 987 sed
504 954 643 987 certos
677 946 867 999 duraque
900 947 1042 999 ligone
1076 946 1244 999 fatigat,

238 1017 294 1058 Ut
326 1017 515 1071 pecudes
548 1018 655 1058 alios
689 1018 749 1059 sic
783 1018 971 1059 cruciare
1007 1018 1136 1067 solet3

178 1088 274 1129 Non
305 1088 452 1142 ignota
484 1089 657 1141 loquor:
692 1102 761 1130 res
795 1098 859 1129 est
893 1095 1111 1142 comperta
1144 1088 1312 1129 referte.

241 1159 404 1200 Clarius
438 1160 528 1200 Eoo
562 1160 729 1212 singula
766 1160 855 1200 sole
891 1165 1050 1213 patent.

178 1229 298 1270 Haec
330 1231 512 1283 populus
545 1230 701 1271 clamat
734 1230 860 1271 dubie
893 1244 1006 1283 vaga
1039 1230 1186 1271 concio
1219 1230 1370 1283 plebis,

241 1300 428 1350 Quilibet
461 1301 569 1342 haec
604 1301 741 1341 firmat
774 1300 947 1353 (11111ἰῖ1)οΐ
979 1299 1061 1341 ista
1095 1299 1226 1352 factm.
1249 1300 1260 1321 ¹

182 1371 285 1413 Cum
320 1372 494 1413 senibus
527 1372 704 1413 iuvenes
739 1372 866 1413 duros
899 1372 1089 1425 perferre
1122 1371 1306 1412 labores.

240 1442 460 1496 Coguntur
493 1456 662 1496 semper
694 1443 944 1484 condicione
978 1443 1082 1496 pari.

180 1513 391 1555 Nobilitas
424 1515 596 1567 generis
628 1527 708 1555 nec
742 1515 901 1555 clarum
934 1528 1088 1554 nomen
1123 1526 1295 1554 avorum

237 1586 328 1627 Nee
360 1585 536 1639 prodest
569 1586 700 1626 virtus
732 1586 1004 1638 ingeniumve
1038 1585 1166 1625 iuvat.

179 1655 388 1697 Incedunt
421 1656 535 1703 nudi,
570 1669 699 1710 rugas
732 1656 849 1698 frons
883 1656 1001 1697 arida
1035 1662 1177 1696 torvas

240 1727 472 1777 Contraxit,
506 1727 679 1768 nimium
712 1727 871 1768 lumina
904 1727 1042 1768 fronte
1076 1732 1252 1766 tument.

179 1798 374 1839 Pendula
406 1798 526 1839 labra
560 1798 712 1851 rigent,
746 1798 887 1839 fessos
921 1811 1000 1838 nec
1034 1796 1222 1850 corporis
1256 1803 1371 1837 artus

240 1869 402 1911 Suecus
436 1870 509 1910 alit
542 1869 726 1923 tepidus,
761 1868 987 1910 deficiente
1021 1868 1128 1909 cibo.

180 1939 387 1993 Squalida
418 1941 599 1982 brumali
630 1947 879 1994 torpescunt
913 1940 1069 1993 frigore
1102 1938 1305 1983 membra,

237 2011 453 2053 Interdum
487 2017 654 2064 torquet
688 2011 855 2053 fervida
888 2011 997 2052 colla
1031 2010 1170 2059 calm-3

180 2082 390 2123 Arescunt
422 2082 585 2132 fauces,
620 2083 771 2129 sititos,
806 2082 935 2122 hebet
968 2080 1154 2133 undique
1189 2093 1355 2134 eorpus,

239 2152 427 2202 Quilibet
459 2159 671 2194 extremos
704 2160 823 2207 optat
857 2152 1016 2193 habere
1050 2151 1154 2193 dies.

180 2224 259 2264 Vix
292 2224 450 2278 patitur
483 2224 632 2278 Stygio
665 2232 808 2266 tantas
842 2225 883 2265 in
918 2236 1088 2264 carcere
1123 2236 1285 2276 poenas

237 2295 359 2336 Nune
392 2296 555 2349 Tityus,
591 2296 783 2348 quamvis
816 2295 980 2336 viscere
1014 2300 1166 2347 paseat
1198 2307 1334 2334 avem.

179 2365 390 2420 Sisyphus
424 2366 478 2407 ad
512 2374 696 2407 montem
730 2366 939 2420 portando
975 2379 1078 2406 saxa
1113 2365 1282 2406 dolores

237 2436 331 2477 Non
365 2438 493 2478 sentit
526 2443 667 2479 tantos
701 2437 835 2478 ardua
868 2443 1087 2491 perpetuo,

178 2505 370 2556 Quantos
403 2507 447 2548 hi
478 2508 660 2549 tolerant
692 2508 902 2549 instanter
934 2520 1109 2561 corpore
1144 2507 1274 2558 fesso,

237 2577 484 2619 Fundentes
517 2579 773 2632 lachrymas,
807 2578 1108 2630 luctificunque
1131 2576 1173 2631 (1)
1207 2578 1353 2619 melos.

178 2648 286 2689 Nam
321 2662 448 2701 quum
481 2649 670 2690 membra
704 2650 794 2691 solo
827 2650 970 2691 miseri
1003 2650 1179 2691 defessa
1200 2649 1422 2697 reclinant,

237 2718 460 2760 Insomnes
495 2720 635 2762 subito
669 2734 843 2774 surgere
879 2722 991 2773 cogit
1025 2728 1155 2762 atrox.

179 2868 189 2888 ¹
217 2869 308 2904 haec
333 2870 501 2914 loquitur,
529 2881 570 2904 az
597 2871 858 2916 Apponyi-fele
885 2873 1070 2916 szo'vegbe
1099 2872 1328 2917 belejavitva.

1476 93 1496 126 [Ο

1500 93 1529 125 zo.

1533 94 1543 109 *-
