<?xml version="1.0" encoding="UTF-8"?>
<!DOCTYPE html PUBLIC "-//W3C//DTD XHTML 1.0 Transitional//EN"
    "http://www.w3.org/TR/xhtml1/DTD/xhtml1-transitional.dtd">
<html xmlns="http://www.w3.org/1999/xhtml" xml:lang="en" lang="en">
 <head>
  <title>
</title>
<meta http-equiv="Content-Type" content="text/html;charset=utf-8" />
  <meta name='ocr-system' content='tesseract 3.04.00' />
  <meta name='ocr-capabilities' content='ocr_page ocr_carea ocr_par ocr_line ocrx_word'/>
</head>
<body>
  <div class='ocr_page' id='page_1' title='image "analectanovaadhi00beuoft_0280.png"; bbox 0 0 1955 3278; ppageno 0'>
   <div class='ocr_carea' id='block_1_1' title="bbox 345 426 410 458">
    <p class='ocr_par' dir='ltr' id='par_1_1' title="bbox 345 426 410 458">
     <span class='ocr_line' id='line_1_1' title="bbox 345 426 410 458; baseline -0.031 0"><span class='ocrx_word' id='word_1_1' title='bbox 345 426 410 458; x_wconf 70' lang='lat'>185</span> 
     </span>
    </p>
   </div>
   <div class='ocr_carea' id='block_1_2' title="bbox 347 782 413 816">
    <p class='ocr_par' dir='ltr' id='par_1_2' title="bbox 347 782 413 816">
     <span class='ocr_line' id='line_1_2' title="bbox 347 782 413 816; baseline 0.015 -1"><span class='ocrx_word' id='word_1_2' title='bbox 347 782 413 816; x_wconf 80' lang='lat'>190</span> 
     </span>
    </p>
   </div>
   <div class='ocr_carea' id='block_1_3' title="bbox 348 1141 413 1173">
    <p class='ocr_par' dir='ltr' id='par_1_3' title="bbox 348 1141 413 1173">
     <span class='ocr_line' id='line_1_3' title="bbox 348 1141 413 1173; baseline 0 0"><span class='ocrx_word' id='word_1_3' title='bbox 348 1141 413 1173; x_wconf 79' lang='lat'>195</span> 
     </span>
    </p>
   </div>
   <div class='ocr_carea' id='block_1_4' title="bbox 349 1497 417 1532">
    <p class='ocr_par' dir='ltr' id='par_1_4' title="bbox 349 1497 417 1532">
     <span class='ocr_line' id='line_1_4' title="bbox 349 1497 417 1532; baseline 0.029 -2"><span class='ocrx_word' id='word_1_4' title='bbox 349 1497 417 1532; x_wconf 77' lang='lat'>200</span> 
     </span>
    </p>
   </div>
   <div class='ocr_carea' id='block_1_5' title="bbox 349 1856 416 1888">
    <p class='ocr_par' dir='ltr' id='par_1_5' title="bbox 349 1856 416 1888">
     <span class='ocr_line' id='line_1_5' title="bbox 349 1856 416 1888; baseline -0.015 0"><span class='ocrx_word' id='word_1_5' title='bbox 349 1856 416 1888; x_wconf 75' lang='lat'>205</span> 
     </span>
    </p>
   </div>
   <div class='ocr_carea' id='block_1_6' title="bbox 460 271 1724 2541">
    <p class='ocr_par' dir='ltr' id='par_1_6' title="bbox 460 271 1591 386">
     <span class='ocr_line' id='line_1_6' title="bbox 460 271 1591 328; baseline 0.004 -16"><span class='ocrx_word' id='word_1_6' title='bbox 460 271 583 313; x_wconf 89' lang='lat' dir='ltr'>Nunc</span> <span class='ocrx_word' id='word_1_7' title='bbox 616 273 745 313; x_wconf 84' lang='lat' dir='ltr'>etiam</span> <span class='ocrx_word' id='word_1_8' title='bbox 779 273 973 314; x_wconf 85' lang='lat' dir='ltr'>Thurcas</span> <span class='ocrx_word' id='word_1_9' title='bbox 1008 280 1185 314; x_wconf 86' lang='lat' dir='ltr'>conatur</span> <span class='ocrx_word' id='word_1_10' title='bbox 1220 273 1381 327; x_wconf 88' lang='lat' dir='ltr'>praeda</span> <span class='ocrx_word' id='word_1_11' title='bbox 1414 282 1591 328; x_wconf 86' lang='lat' dir='ltr'>peracta</span> 
     </span>
     <span class='ocr_line' id='line_1_7' title="bbox 522 343 1337 386; baseline 0.001 -1"><span class='ocrx_word' id='word_1_12' title='bbox 522 343 708 385; x_wconf 74' lang='lat' dir='ltr'>Ulterius</span> <span class='ocrx_word' id='word_1_13' title='bbox 742 350 909 385; x_wconf 86' lang='lat' dir='ltr'>vestros</span> <span class='ocrx_word' id='word_1_14' title='bbox 943 352 1176 386; x_wconf 83' lang='lat' dir='ltr'>extenuare</span> <span class='ocrx_word' id='word_1_15' title='bbox 1210 345 1337 386; x_wconf 84' lang='lat' dir='ltr'>lares.</span> 
     </span>
    </p>

    <p class='ocr_par' dir='ltr' id='par_1_7' title="bbox 461 415 1603 542">
     <span class='ocr_line' id='line_1_8' title="bbox 461 415 1603 472; baseline 0.004 -17"><span class='ocrx_word' id='word_1_16' title='bbox 461 415 636 468; x_wconf 82' lang='lat' dir='ltr'>Appetit</span> <span class='ocrx_word' id='word_1_17' title='bbox 670 422 712 455; x_wconf 92' lang='lat' dir='ltr'>et</span> <span class='ocrx_word' id='word_1_18' title='bbox 743 428 935 468; x_wconf 85' lang='lat' dir='ltr'>regnum,</span> <span class='ocrx_word' id='word_1_19' title='bbox 970 415 1095 467; x_wconf 74' lang='lat' dir='ltr'>villis,</span> <span class='ocrx_word' id='word_1_20' title='bbox 1132 416 1370 468; x_wconf 75' lang='lat' dir='ltr'>castrisque</span> <span class='ocrx_word' id='word_1_21' title='bbox 1402 417 1603 472; x_wconf 87' lang='lat' dir='ltr'>receptis.</span> 
     </span>
     <span class='ocr_line' id='line_1_9' title="bbox 522 486 1460 542; baseline 0.003 -15"><span class='ocrx_word' id='word_1_22' title='bbox 522 487 574 527; x_wconf 87' lang='lat' dir='ltr'>Et</span> <span class='ocrx_word' id='word_1_23' title='bbox 606 487 691 527; x_wconf 90' lang='lat' dir='ltr'>iam</span> <span class='ocrx_word' id='word_1_24' title='bbox 725 486 777 527; x_wconf 92' lang='lat' dir='ltr'>de</span> <span class='ocrx_word' id='word_1_25' title='bbox 811 494 956 529; x_wconf 84' lang='lat' dir='ltr'>vestra</span> <span class='ocrx_word' id='word_1_26' title='bbox 988 494 1117 541; x_wconf 81' lang='lat' dir='ltr'>gente</span> <span class='ocrx_word' id='word_1_27' title='bbox 1152 488 1309 529; x_wconf 83' lang='lat' dir='ltr'>tributa</span> <span class='ocrx_word' id='word_1_28' title='bbox 1342 488 1460 542; x_wconf 87' lang='lat' dir='ltr'>petit.</span> 
     </span>
    </p>

    <p class='ocr_par' dir='ltr' id='par_1_8' title="bbox 462 557 1617 684">
     <span class='ocr_line' id='line_1_10' title="bbox 462 557 1617 614; baseline 0.003 -16"><span class='ocrx_word' id='word_1_29' title='bbox 462 559 571 599; x_wconf 89' lang='lat' dir='ltr'>Nam</span> <span class='ocrx_word' id='word_1_30' title='bbox 606 558 686 599; x_wconf 86' lang='lat' dir='ltr'>sibi</span> <span class='ocrx_word' id='word_1_31' title='bbox 720 557 848 599; x_wconf 89' lang='lat' dir='ltr'>corde</span> <span class='ocrx_word' id='word_1_32' title='bbox 882 558 1006 600; x_wconf 86' lang='lat' dir='ltr'>sedet</span> <span class='ocrx_word' id='word_1_33' title='bbox 1039 559 1181 600; x_wconf 85' lang='lat' dir='ltr'>subita</span> <span class='ocrx_word' id='word_1_34' title='bbox 1214 559 1442 601; x_wconf 79' lang='lat' dir='ltr'>dulcedine</span> <span class='ocrx_word' id='word_1_35' title='bbox 1476 567 1617 614; x_wconf 73' lang='lat' dir='ltr'>capto,</span> 
     </span>
     <span class='ocr_line' id='line_1_11' title="bbox 523 629 1611 684; baseline 0.003 -15"><span class='ocrx_word' id='word_1_36' title='bbox 523 629 718 678; x_wconf 80' lang='lat' dir='ltr'>Qualiter</span> <span class='ocrx_word' id='word_1_37' title='bbox 750 629 831 670; x_wconf 86' lang='lat' dir='ltr'>hoc</span> <span class='ocrx_word' id='word_1_38' title='bbox 864 643 1043 682; x_wconf 81' lang='lat' dir='ltr'>regnum</span> <span class='ocrx_word' id='word_1_39' title='bbox 1077 629 1262 671; x_wconf 84' lang='lat' dir='ltr'>subdere</span> <span class='ocrx_word' id='word_1_40' title='bbox 1295 637 1444 684; x_wconf 87' lang='lat' dir='ltr'>posset</span> <span class='ocrx_word' id='word_1_41' title='bbox 1477 638 1611 673; x_wconf 84' lang='lat' dir='ltr'>atrox.</span> 
     </span>
    </p>

    <p class='ocr_par' dir='ltr' id='par_1_9' title="bbox 463 700 1667 1111">
     <span class='ocr_line' id='line_1_12' title="bbox 463 700 1527 755; baseline 0.001 -13"><span class='ocrx_word' id='word_1_42' title='bbox 463 700 627 742; x_wconf 81' lang='lat' dir='ltr'>Idcirco</span> <span class='ocrx_word' id='word_1_43' title='bbox 661 700 871 753; x_wconf 89' lang='lat' dir='ltr'>siquidem</span> <span class='ocrx_word' id='word_1_44' title='bbox 904 707 1051 754; x_wconf 86' lang='lat' dir='ltr'>portus</span> <span class='ocrx_word' id='word_1_45' title='bbox 1086 702 1321 743; x_wconf 86' lang='lat' dir='ltr'>sceleratus</span> <span class='ocrx_word' id='word_1_46' title='bbox 1355 702 1527 755; x_wconf 79' lang='lat' dir='ltr'>ademit,</span> 
     </span>
     <span class='ocr_line' id='line_1_13' title="bbox 524 771 1431 825; baseline 0.003 -13"><span class='ocrx_word' id='word_1_47' title='bbox 524 772 577 813; x_wconf 84' lang='lat' dir='ltr'>Et</span> <span class='ocrx_word' id='word_1_48' title='bbox 610 771 770 813; x_wconf 78' lang='lat' dir='ltr'>studuit</span> <span class='ocrx_word' id='word_1_49' title='bbox 803 779 971 813; x_wconf 81' lang='lat' dir='ltr'>vestras</span> <span class='ocrx_word' id='word_1_50' title='bbox 1005 772 1292 825; x_wconf 85' lang='lat' dir='ltr'>sublaqueare</span> <span class='ocrx_word' id='word_1_51' title='bbox 1325 774 1431 815; x_wconf 87' lang='lat' dir='ltr'>vias.</span> 
     </span>
     <span class='ocr_line' id='line_1_14' title="bbox 464 843 1549 898; baseline 0.003 -14"><span class='ocrx_word' id='word_1_52' title='bbox 464 843 616 898; x_wconf 87' lang='lat' dir='ltr'>Aptius</span> <span class='ocrx_word' id='word_1_53' title='bbox 649 850 694 884; x_wconf 89' lang='lat' dir='ltr'>ut</span> <span class='ocrx_word' id='word_1_54' title='bbox 725 850 874 896; x_wconf 89' lang='lat' dir='ltr'>posset</span> <span class='ocrx_word' id='word_1_55' title='bbox 906 845 1090 897; x_wconf 88' lang='lat' dir='ltr'>partrios</span> <span class='ocrx_word' id='word_1_56' title='bbox 1124 843 1361 886; x_wconf 81' lang='lat' dir='ltr'>dissolvere</span> <span class='ocrx_word' id='word_1_57' title='bbox 1395 859 1549 897; x_wconf 76' lang='lat' dir='ltr'>mores,</span> 
     </span>
     <span class='ocr_line' id='line_1_15' title="bbox 523 914 1574 969; baseline 0.005 -15"><span class='ocrx_word' id='word_1_58' title='bbox 523 915 661 967; x_wconf 84' lang='lat' dir='ltr'>Atque</span> <span class='ocrx_word' id='word_1_59' title='bbox 695 914 852 955; x_wconf 86' lang='lat' dir='ltr'>inferre</span> <span class='ocrx_word' id='word_1_60' title='bbox 887 915 1038 968; x_wconf 75' lang='lat' dir='ltr'>magis,</span> <span class='ocrx_word' id='word_1_61' title='bbox 1072 915 1263 967; x_wconf 74' lang='lat' dir='ltr'>vulnera,</span> <span class='ocrx_word' id='word_1_62' title='bbox 1297 916 1397 969; x_wconf 88' lang='lat' dir='ltr'>tela,</span> <span class='ocrx_word' id='word_1_63' title='bbox 1432 930 1574 959; x_wconf 79' lang='lat' dir='ltr'>neces,</span> 
     </span>
     <span class='ocr_line' id='line_1_16' title="bbox 464 985 1667 1042; baseline 0.004 -16"><span class='ocrx_word' id='word_1_64' title='bbox 464 986 625 1039; x_wconf 79' lang='lat' dir='ltr'>lugiter</span> <span class='ocrx_word' id='word_1_65' title='bbox 657 985 756 1027; x_wconf 86' lang='lat' dir='ltr'>hinc</span> <span class='ocrx_word' id='word_1_66' title='bbox 789 985 937 1026; x_wconf 86' lang='lat' dir='ltr'>statuit</span> <span class='ocrx_word' id='word_1_67' title='bbox 970 1000 1143 1040; x_wconf 83' lang='lat' dir='ltr'>pugnae</span> <span class='ocrx_word' id='word_1_68' title='bbox 1178 999 1452 1030; x_wconf 82' lang='lat' dir='ltr'>monumenta</span> <span class='ocrx_word' id='word_1_69' title='bbox 1484 989 1667 1042; x_wconf 76' lang='lat' dir='ltr'>futurae,</span> 
     </span>
     <span class='ocr_line' id='line_1_17' title="bbox 522 1057 1407 1111; baseline 0.001 -13"><span class='ocrx_word' id='word_1_70' title='bbox 522 1058 575 1098; x_wconf 88' lang='lat' dir='ltr'>Et</span> <span class='ocrx_word' id='word_1_71' title='bbox 608 1057 763 1098; x_wconf 86' lang='lat' dir='ltr'>tacitos</span> <span class='ocrx_word' id='word_1_72' title='bbox 798 1058 924 1098; x_wconf 90' lang='lat' dir='ltr'>solita</span> <span class='ocrx_word' id='word_1_73' title='bbox 957 1058 1117 1111; x_wconf 79' lang='lat' dir='ltr'>colligit</span> <span class='ocrx_word' id='word_1_74' title='bbox 1151 1065 1240 1100; x_wconf 88' lang='lat' dir='ltr'>arte</span> <span class='ocrx_word' id='word_1_75' title='bbox 1275 1059 1407 1101; x_wconf 87' lang='lat' dir='ltr'>dolos.</span> 
     </span>
    </p>

    <p class='ocr_par' dir='ltr' id='par_1_10' title="bbox 464 1129 1523 1255">
     <span class='ocr_line' id='line_1_18' title="bbox 464 1129 1431 1183; baseline 0.001 -12"><span class='ocrx_word' id='word_1_76' title='bbox 464 1130 512 1171; x_wconf 90' lang='lat' dir='ltr'>In</span> <span class='ocrx_word' id='word_1_77' title='bbox 544 1142 621 1170; x_wconf 88' lang='lat' dir='ltr'>vos</span> <span class='ocrx_word' id='word_1_78' title='bbox 655 1129 829 1170; x_wconf 82' lang='lat' dir='ltr'>assidue</span> <span class='ocrx_word' id='word_1_79' title='bbox 862 1130 1077 1171; x_wconf 78' lang='lat' dir='ltr'>rabiosam</span> <span class='ocrx_word' id='word_1_80' title='bbox 1110 1130 1276 1183; x_wconf 87' lang='lat' dir='ltr'>perficit</span> <span class='ocrx_word' id='word_1_81' title='bbox 1312 1131 1431 1173; x_wconf 87' lang='lat' dir='ltr'>iram.</span> 
     </span>
     <span class='ocr_line' id='line_1_19' title="bbox 525 1201 1523 1255; baseline 0.003 -14"><span class='ocrx_word' id='word_1_82' title='bbox 525 1201 754 1250; x_wconf 76' lang='lat' dir='ltr'>Dentibus,</span> <span class='ocrx_word' id='word_1_83' title='bbox 789 1208 830 1241; x_wconf 86' lang='lat' dir='ltr'>et</span> <span class='ocrx_word' id='word_1_84' title='bbox 863 1201 995 1242; x_wconf 84' lang='lat' dir='ltr'>labris</span> <span class='ocrx_word' id='word_1_85' title='bbox 1028 1202 1157 1255; x_wconf 82' lang='lat' dir='ltr'>ringit</span> <span class='ocrx_word' id='word_1_86' title='bbox 1190 1209 1232 1243; x_wconf 92' lang='lat' dir='ltr'>et</span> <span class='ocrx_word' id='word_1_87' title='bbox 1265 1215 1337 1243; x_wconf 90' lang='lat' dir='ltr'>ore</span> <span class='ocrx_word' id='word_1_88' title='bbox 1371 1202 1523 1244; x_wconf 86' lang='lat' dir='ltr'>fremit.</span> 
     </span>
    </p>

    <p class='ocr_par' dir='ltr' id='par_1_11' title="bbox 467 1271 1551 1399">
     <span class='ocr_line' id='line_1_20' title="bbox 467 1271 1551 1326; baseline 0.003 -14"><span class='ocrx_word' id='word_1_89' title='bbox 467 1273 577 1313; x_wconf 82' lang='lat' dir='ltr'>Cura</span> <span class='ocrx_word' id='word_1_90' title='bbox 609 1280 753 1312; x_wconf 86' lang='lat' dir='ltr'>tamen</span> <span class='ocrx_word' id='word_1_91' title='bbox 786 1271 908 1325; x_wconf 82' lang='lat' dir='ltr'>regni</span> <span class='ocrx_word' id='word_1_92' title='bbox 941 1272 1062 1314; x_wconf 84' lang='lat' dir='ltr'>vobis</span> <span class='ocrx_word' id='word_1_93' title='bbox 1096 1272 1149 1313; x_wconf 91' lang='lat' dir='ltr'>de</span> <span class='ocrx_word' id='word_1_94' title='bbox 1182 1279 1324 1314; x_wconf 88' lang='lat' dir='ltr'>mente</span> <span class='ocrx_word' id='word_1_95' title='bbox 1357 1274 1551 1326; x_wconf 79' lang='lat' dir='ltr'>recessit,</span> 
     </span>
     <span class='ocr_line' id='line_1_21' title="bbox 526 1344 1419 1399; baseline 0.002 -15"><span class='ocrx_word' id='word_1_96' title='bbox 526 1344 616 1386; x_wconf 83' lang='lat' dir='ltr'>Nec</span> <span class='ocrx_word' id='word_1_97' title='bbox 650 1345 776 1386; x_wconf 89' lang='lat' dir='ltr'>vultis</span> <span class='ocrx_word' id='word_1_98' title='bbox 810 1358 965 1386; x_wconf 87' lang='lat' dir='ltr'>caecos</span> <span class='ocrx_word' id='word_1_99' title='bbox 999 1345 1235 1399; x_wconf 79' lang='lat' dir='ltr'>anticipare</span> <span class='ocrx_word' id='word_1_100' title='bbox 1269 1351 1419 1386; x_wconf 79' lang='lat' dir='ltr'>metus.</span> 
     </span>
    </p>

    <p class='ocr_par' dir='ltr' id='par_1_12' title="bbox 465 1416 1645 1541">
     <span class='ocr_line' id='line_1_22' title="bbox 465 1416 1645 1471; baseline 0.001 -14"><span class='ocrx_word' id='word_1_101' title='bbox 465 1417 581 1457; x_wconf 85' lang='lat' dir='ltr'>Estis</span> <span class='ocrx_word' id='word_1_102' title='bbox 616 1423 657 1458; x_wconf 87' lang='lat' dir='ltr'>et</span> <span class='ocrx_word' id='word_1_103' title='bbox 689 1417 959 1458; x_wconf 89' lang='lat' dir='ltr'>immemores</span> <span class='ocrx_word' id='word_1_104' title='bbox 992 1416 1157 1470; x_wconf 82' lang='lat' dir='ltr'>patriae</span> <span class='ocrx_word' id='word_1_105' title='bbox 1191 1417 1447 1471; x_wconf 88' lang='lat' dir='ltr'>proprieque</span> <span class='ocrx_word' id='word_1_106' title='bbox 1481 1418 1645 1468; x_wconf 71' lang='lat' dir='ltr'>salutis,</span> 
     </span>
     <span class='ocr_line' id='line_1_23' title="bbox 527 1488 1454 1541; baseline 0.002 -13"><span class='ocrx_word' id='word_1_107' title='bbox 527 1488 725 1541; x_wconf 86' lang='lat' dir='ltr'>Torpetis</span> <span class='ocrx_word' id='word_1_108' title='bbox 758 1488 878 1530; x_wconf 86' lang='lat' dir='ltr'>viciis</span> <span class='ocrx_word' id='word_1_109' title='bbox 911 1488 1134 1530; x_wconf 81' lang='lat' dir='ltr'>fraudibus</span> <span class='ocrx_word' id='word_1_110' title='bbox 1169 1495 1298 1541; x_wconf 88' lang='lat' dir='ltr'>atque</span> <span class='ocrx_word' id='word_1_111' title='bbox 1332 1488 1454 1531; x_wconf 79' lang='lat' dir='ltr'>dolis,</span> 
     </span>
    </p>

    <p class='ocr_par' dir='ltr' id='par_1_13' title="bbox 466 1558 1724 1685">
     <span class='ocr_line' id='line_1_24' title="bbox 466 1558 1724 1614; baseline -0.001 -13"><span class='ocrx_word' id='word_1_112' title='bbox 466 1559 574 1601; x_wconf 88' lang='lat' dir='ltr'>Nam</span> <span class='ocrx_word' id='word_1_113' title='bbox 599 1573 725 1612; x_wconf 89' lang='lat' dir='ltr'>quum</span> <span class='ocrx_word' id='word_1_114' title='bbox 749 1560 908 1614; x_wconf 78' lang='lat' dir='ltr'>pingue</span> <span class='ocrx_word' id='word_1_115' title='bbox 924 1558 935 1580; x_wconf 82' lang='lat'>¹</span> <span class='ocrx_word' id='word_1_116' title='bbox 958 1560 1094 1601; x_wconf 89' lang='lat' dir='ltr'>solum</span> <span class='ocrx_word' id='word_1_117' title='bbox 1117 1560 1344 1614; x_wconf 84' lang='lat' dir='ltr'>populator</span> <span class='ocrx_word' id='word_1_118' title='bbox 1367 1566 1509 1601; x_wconf 91' lang='lat' dir='ltr'>mente</span> <span class='ocrx_word' id='word_1_119' title='bbox 1531 1560 1724 1612; x_wconf 83' lang='lat' dir='ltr'>revolvit,</span> 
     </span>
     <span class='ocr_line' id='line_1_25' title="bbox 526 1631 1443 1685; baseline 0.002 -14"><span class='ocrx_word' id='word_1_120' title='bbox 526 1631 726 1685; x_wconf 82' lang='lat' dir='ltr'>Pirgenio</span> <span class='ocrx_word' id='word_1_121' title='bbox 761 1631 937 1682; x_wconf 75' lang='lat' dir='ltr'>salibus,</span> <span class='ocrx_word' id='word_1_122' title='bbox 972 1644 1270 1685; x_wconf 88' lang='lat' dir='ltr'>purpureoque</span> <span class='ocrx_word' id='word_1_123' title='bbox 1304 1644 1443 1673; x_wconf 90' lang='lat' dir='ltr'>croco.</span> 
     </span>
    </p>

    <p class='ocr_par' dir='ltr' id='par_1_14' title="bbox 470 1702 1499 1827">
     <span class='ocr_line' id='line_1_26' title="bbox 470 1702 1499 1756; baseline 0.001 -14"><span class='ocrx_word' id='word_1_124' title='bbox 470 1703 673 1756; x_wconf 72' lang='lat' dir='ltr'>Argento,</span> <span class='ocrx_word' id='word_1_125' title='bbox 708 1709 876 1751; x_wconf 88' lang='grc'><strong>51311110,</strong></span> <span class='ocrx_word' id='word_1_126' title='bbox 911 1716 1041 1756; x_wconf 88' lang='lat' dir='ltr'>cupro</span> <span class='ocrx_word' id='word_1_127' title='bbox 1074 1702 1278 1755; x_wconf 88' lang='lat' dir='ltr'>fulvoque</span> <span class='ocrx_word' id='word_1_128' title='bbox 1312 1703 1499 1753; x_wconf 77' lang='lat' dir='ltr'>metallo,</span> 
     </span>
     <span class='ocr_line' id='line_1_27' title="bbox 526 1773 1379 1827; baseline 0 -13"><span class='ocrx_word' id='word_1_129' title='bbox 526 1773 701 1826; x_wconf 81' lang='lat' dir='ltr'>Irriguis</span> <span class='ocrx_word' id='word_1_130' title='bbox 735 1773 881 1825; x_wconf 86' lang='grc'><strong>1101115,</strong></span> <span class='ocrx_word' id='word_1_131' title='bbox 916 1773 1106 1827; x_wconf 89' lang='lat' dir='ltr'>piscibus</span> <span class='ocrx_word' id='word_1_132' title='bbox 1140 1773 1379 1826; x_wconf 86' lang='lat' dir='ltr'>aequoreis.</span> 
     </span>
    </p>

    <p class='ocr_par' dir='ltr' id='par_1_15' title="bbox 468 1844 1610 1970">
     <span class='ocr_line' id='line_1_28' title="bbox 468 1844 1610 1900; baseline -0.001 -14"><span class='ocrx_word' id='word_1_133' title='bbox 468 1845 566 1886; x_wconf 78' lang='lat' dir='ltr'>Mox</span> <span class='ocrx_word' id='word_1_134' title='bbox 599 1845 714 1900; x_wconf 86' lang='lat' dir='ltr'>cupit</span> <span class='ocrx_word' id='word_1_135' title='bbox 746 1845 977 1899; x_wconf 88' lang='lat' dir='ltr'>impatiens</span> <span class='ocrx_word' id='word_1_136' title='bbox 1010 1844 1113 1885; x_wconf 92' lang='lat' dir='ltr'>illud</span> <span class='ocrx_word' id='word_1_137' title='bbox 1146 1851 1231 1885; x_wconf 87' lang='lat' dir='ltr'>tam</span> <span class='ocrx_word' id='word_1_138' title='bbox 1265 1844 1446 1886; x_wconf 85' lang='lat' dir='ltr'>fortibus</span> <span class='ocrx_word' id='word_1_139' title='bbox 1479 1844 1610 1896; x_wconf 79' lang='lat' dir='ltr'>ausis,</span> 
     </span>
     <span class='ocr_line' id='line_1_29' title="bbox 527 1916 1515 1970; baseline -0.002 -12"><span class='ocrx_word' id='word_1_140' title='bbox 527 1917 696 1958; x_wconf 84' lang='lat' dir='ltr'>Audeat</span> <span class='ocrx_word' id='word_1_141' title='bbox 729 1924 774 1958; x_wconf 92' lang='lat' dir='ltr'>ut</span> <span class='ocrx_word' id='word_1_142' title='bbox 806 1923 973 1958; x_wconf 84' lang='lat' dir='ltr'>vestros</span> <span class='ocrx_word' id='word_1_143' title='bbox 1005 1916 1090 1957; x_wconf 81' lang='lat' dir='ltr'>iam</span> <span class='ocrx_word' id='word_1_144' title='bbox 1124 1922 1356 1970; x_wconf 87' lang='lat' dir='ltr'>penetrare</span> <span class='ocrx_word' id='word_1_145' title='bbox 1387 1916 1515 1957; x_wconf 88' lang='lat' dir='ltr'>sinus.</span> 
     </span>
    </p>

    <p class='ocr_par' dir='ltr' id='par_1_16' title="bbox 470 1988 1558 2114">
     <span class='ocr_line' id='line_1_30' title="bbox 470 1988 1558 2042; baseline -0.001 -13"><span class='ocrx_word' id='word_1_146' title='bbox 470 1989 609 2041; x_wconf 90' lang='lat' dir='ltr'>Atque</span> <span class='ocrx_word' id='word_1_147' title='bbox 644 1988 868 2030; x_wconf 89' lang='lat' dir='ltr'>cruoriflua</span> <span class='ocrx_word' id='word_1_148' title='bbox 901 1988 1035 2042; x_wconf 91' lang='lat' dir='ltr'>turpis</span> <span class='ocrx_word' id='word_1_149' title='bbox 1070 1996 1295 2042; x_wconf 85' lang='lat' dir='ltr'>spurcatus</span> <span class='ocrx_word' id='word_1_150' title='bbox 1332 1989 1384 2030; x_wconf 86' lang='lat' dir='ltr'>ab</span> <span class='ocrx_word' id='word_1_151' title='bbox 1419 1988 1558 2038; x_wconf 87' lang='lat' dir='ltr'>hasta,</span> 
     </span>
     <span class='ocr_line' id='line_1_31' title="bbox 528 2058 1538 2114; baseline -0.001 -13"><span class='ocrx_word' id='word_1_152' title='bbox 528 2060 614 2101; x_wconf 90' lang='lat' dir='ltr'>Vos</span> <span class='ocrx_word' id='word_1_153' title='bbox 648 2066 836 2101; x_wconf 83' lang='lat' dir='ltr'>mactare</span> <span class='ocrx_word' id='word_1_154' title='bbox 871 2060 1008 2110; x_wconf 73' lang='lat' dir='ltr'>simul,</span> <span class='ocrx_word' id='word_1_155' title='bbox 1043 2059 1221 2114; x_wconf 89' lang='lat' dir='ltr'>cuspide</span> <span class='ocrx_word' id='word_1_156' title='bbox 1254 2059 1382 2110; x_wconf 61' lang='lat' dir='ltr'>fuste„</span> <span class='ocrx_word' id='word_1_157' title='bbox 1419 2058 1538 2100; x_wconf 90' lang='lat' dir='ltr'>sude.</span> 
     </span>
    </p>

    <p class='ocr_par' dir='ltr' id='par_1_17' title="bbox 470 2130 1588 2256">
     <span class='ocr_line' id='line_1_32' title="bbox 470 2130 1588 2184; baseline 0.001 -13"><span class='ocrx_word' id='word_1_158' title='bbox 470 2131 662 2184; x_wconf 79' lang='lat' dir='ltr'>Namque</span> <span class='ocrx_word' id='word_1_159' title='bbox 697 2131 807 2173; x_wconf 88' lang='lat' dir='ltr'>adeo</span> <span class='ocrx_word' id='word_1_160' title='bbox 840 2131 968 2173; x_wconf 89' lang='lat' dir='ltr'>finem</span> <span class='ocrx_word' id='word_1_161' title='bbox 1000 2132 1140 2172; x_wconf 85' lang='lat' dir='ltr'>renuit</span> <span class='ocrx_word' id='word_1_162' title='bbox 1172 2131 1385 2173; x_wconf 86' lang='lat' dir='ltr'>scelerata</span> <span class='ocrx_word' id='word_1_163' title='bbox 1419 2130 1588 2184; x_wconf 75' lang='lat' dir='ltr'>cupido,</span> 
     </span>
     <span class='ocr_line' id='line_1_33' title="bbox 530 2202 1577 2256; baseline -0.001 -13"><span class='ocrx_word' id='word_1_164' title='bbox 530 2203 620 2244; x_wconf 87' lang='lat' dir='ltr'>Nec</span> <span class='ocrx_word' id='word_1_165' title='bbox 654 2202 787 2244; x_wconf 88' lang='lat' dir='ltr'>habet</span> <span class='ocrx_word' id='word_1_166' title='bbox 819 2216 1030 2244; x_wconf 87' lang='lat' dir='ltr'>armorum</span> <span class='ocrx_word' id='word_1_167' title='bbox 1062 2203 1198 2256; x_wconf 88' lang='lat' dir='ltr'>pestis</span> <span class='ocrx_word' id='word_1_168' title='bbox 1232 2216 1362 2244; x_wconf 86' lang='lat' dir='ltr'>avara</span> <span class='ocrx_word' id='word_1_169' title='bbox 1394 2202 1577 2243; x_wconf 86' lang='lat' dir='ltr'>modum.</span> 
     </span>
    </p>

    <p class='ocr_par' dir='ltr' id='par_1_18' title="bbox 470 2272 1677 2398">
     <span class='ocr_line' id='line_1_34' title="bbox 470 2272 1677 2328; baseline -0.002 -13"><span class='ocrx_word' id='word_1_170' title='bbox 470 2274 577 2315; x_wconf 80' lang='lat' dir='ltr'>Nam</span> <span class='ocrx_word' id='word_1_171' title='bbox 613 2273 752 2315; x_wconf 83' lang='lat' dir='ltr'>subito</span> <span class='ocrx_word' id='word_1_172' title='bbox 787 2274 975 2328; x_wconf 88' lang='lat' dir='ltr'>praedae</span> <span class='ocrx_word' id='word_1_173' title='bbox 1008 2274 1170 2328; x_wconf 86' lang='lat' dir='ltr'>rapitur</span> <span class='ocrx_word' id='word_1_174' title='bbox 1201 2287 1322 2315; x_wconf 88' lang='lat' dir='ltr'>mens</span> <span class='ocrx_word' id='word_1_175' title='bbox 1356 2286 1489 2314; x_wconf 88' lang='lat' dir='ltr'>coeca</span> <span class='ocrx_word' id='word_1_176' title='bbox 1520 2272 1677 2321; x_wconf 77' lang='lat' dir='ltr'>furore,</span> 
     </span>
     <span class='ocr_line' id='line_1_35' title="bbox 530 2344 1506 2398; baseline -0.002 -12"><span class='ocrx_word' id='word_1_177' title='bbox 530 2345 584 2386; x_wconf 84' lang='lat' dir='ltr'>Et</span> <span class='ocrx_word' id='word_1_178' title='bbox 618 2346 704 2386; x_wconf 82' lang='lat' dir='ltr'>sitit</span> <span class='ocrx_word' id='word_1_179' title='bbox 737 2346 848 2386; x_wconf 86' lang='lat' dir='ltr'>hanc</span> <span class='ocrx_word' id='word_1_180' title='bbox 881 2346 1023 2386; x_wconf 87' lang='lat' dir='ltr'>tacitis</span> <span class='ocrx_word' id='word_1_181' title='bbox 1057 2344 1246 2398; x_wconf 86' lang='lat' dir='ltr'>perfidus</span> <span class='ocrx_word' id='word_1_182' title='bbox 1278 2345 1349 2385; x_wconf 92' lang='lat' dir='ltr'>ille</span> <span class='ocrx_word' id='word_1_183' title='bbox 1383 2344 1506 2385; x_wconf 90' lang='lat' dir='ltr'>dolis.</span> 
     </span>
    </p>

    <p class='ocr_par' dir='ltr' id='par_1_19' title="bbox 472 2415 1622 2541">
     <span class='ocr_line' id='line_1_36' title="bbox 472 2415 1622 2469; baseline -0.002 -11"><span class='ocrx_word' id='word_1_184' title='bbox 472 2417 624 2458; x_wconf 76' lang='lat' dir='ltr'>Audax</span> <span class='ocrx_word' id='word_1_185' title='bbox 656 2417 726 2457; x_wconf 91' lang='lat' dir='ltr'>ille</span> <span class='ocrx_word' id='word_1_186' title='bbox 761 2416 931 2469; x_wconf 88' lang='lat' dir='ltr'>quidem</span> <span class='ocrx_word' id='word_1_187' title='bbox 965 2429 1134 2469; x_wconf 88' lang='lat' dir='ltr'>semper</span> <span class='ocrx_word' id='word_1_188' title='bbox 1166 2416 1237 2468; x_wconf 88' lang='lat' dir='ltr'>qui</span> <span class='ocrx_word' id='word_1_189' title='bbox 1269 2416 1443 2457; x_wconf 88' lang='lat' dir='ltr'>crimine</span> <span class='ocrx_word' id='word_1_190' title='bbox 1477 2415 1622 2467; x_wconf 79' lang='lat' dir='ltr'>crevit,</span> 
     </span>
     <span class='ocr_line' id='line_1_37' title="bbox 531 2487 1480 2541; baseline -0.002 -12"><span class='ocrx_word' id='word_1_191' title='bbox 531 2488 706 2529; x_wconf 84' lang='lat' dir='ltr'>Exultat</span> <span class='ocrx_word' id='word_1_192' title='bbox 740 2488 894 2529; x_wconf 84' lang='lat' dir='ltr'>tinctas</span> <span class='ocrx_word' id='word_1_193' title='bbox 929 2487 1138 2541; x_wconf 82' lang='lat' dir='ltr'>sanguine</span> <span class='ocrx_word' id='word_1_194' title='bbox 1172 2487 1283 2528; x_wconf 88' lang='lat' dir='ltr'>ferre</span> <span class='ocrx_word' id='word_1_195' title='bbox 1318 2500 1480 2528; x_wconf 89' lang='lat' dir='ltr'>manus.</span> 
     </span>
    </p>
   </div>
   <div class='ocr_carea' id='block_1_7' title="bbox 405 2557 1731 2613">
    <p class='ocr_par' dir='ltr' id='par_1_20' title="bbox 405 2557 1731 2613">
     <span class='ocr_line' id='line_1_38' title="bbox 405 2557 1731 2613; baseline -0.002 -13"><span class='ocrx_word' id='word_1_196' title='bbox 405 2571 419 2578; x_wconf 69' lang='lat'><em>⁷</em></span> <span class='ocrx_word' id='word_1_197' title='bbox 474 2560 680 2613; x_wconf 79' lang='lat' dir='ltr'>Hungara</span> <span class='ocrx_word' id='word_1_198' title='bbox 704 2573 828 2612; x_wconf 89' lang='lat' dir='ltr'>quem</span> <span class='ocrx_word' id='word_1_199' title='bbox 851 2559 979 2601; x_wconf 89' lang='lat' dir='ltr'>tellus</span> <span class='ocrx_word' id='word_1_200' title='bbox 999 2559 1173 2599; x_wconf 86' lang='lat' dir='ltr'>multum</span> <span class='ocrx_word' id='word_1_201' title='bbox 1199 2564 1263 2599; x_wconf 87' lang='lat' dir='ltr'>est</span> <span class='ocrx_word' id='word_1_202' title='bbox 1288 2564 1463 2612; x_wconf 81' lang='lat' dir='ltr'>experta</span> <span class='ocrx_word' id='word_1_203' title='bbox 1484 2557 1731 2609; x_wconf 81' lang='lat' dir='ltr'>nefandum,</span> 
     </span>
    </p>
   </div>
   <div class='ocr_carea' id='block_1_8' title="bbox 474 2629 1633 2827">
    <p class='ocr_par' dir='ltr' id='par_1_21' title="bbox 474 2629 1633 2827">
     <span class='ocr_line' id='line_1_39' title="bbox 534 2629 1563 2685; baseline -0.002 -14"><span class='ocrx_word' id='word_1_204' title='bbox 534 2630 672 2680; x_wconf 82' lang='lat' dir='ltr'>Quum</span> <span class='ocrx_word' id='word_1_205' title='bbox 706 2644 841 2685; x_wconf 87' lang='lat' dir='ltr'>nuper</span> <span class='ocrx_word' id='word_1_206' title='bbox 872 2631 1028 2672; x_wconf 88' lang='lat' dir='ltr'>misere</span> <span class='ocrx_word' id='word_1_207' title='bbox 1062 2629 1233 2683; x_wconf 87' lang='lat' dir='ltr'>publica</span> <span class='ocrx_word' id='word_1_208' title='bbox 1267 2629 1424 2670; x_wconf 85' lang='lat' dir='ltr'>damna</span> <span class='ocrx_word' id='word_1_209' title='bbox 1456 2629 1563 2670; x_wconf 88' lang='lat' dir='ltr'>tulit.</span> 
     </span>
     <span class='ocr_line' id='line_1_40' title="bbox 474 2700 1633 2755; baseline -0.002 -12"><span class='ocrx_word' id='word_1_210' title='bbox 474 2703 686 2755; x_wconf 85' lang='lat' dir='ltr'>Tempore</span> <span class='ocrx_word' id='word_1_211' title='bbox 721 2716 803 2754; x_wconf 89' lang='lat' dir='ltr'>quo</span> <span class='ocrx_word' id='word_1_212' title='bbox 837 2715 933 2743; x_wconf 85' lang='grc' dir='ltr'><strong>111οΧ</strong></span> <span class='ocrx_word' id='word_1_213' title='bbox 966 2701 1075 2743; x_wconf 83' lang='grc'><strong>111013</strong></span> <span class='ocrx_word' id='word_1_214' title='bbox 1107 2714 1235 2754; x_wconf 88' lang='lat' dir='ltr'>pares</span> <span class='ocrx_word' id='word_1_215' title='bbox 1269 2700 1457 2742; x_wconf 74' lang='lat' dir='ltr'>exercuit</span> <span class='ocrx_word' id='word_1_216' title='bbox 1490 2700 1633 2750; x_wconf 76' lang='lat' dir='ltr'>horas,</span> 
     </span>
     <span class='ocr_line' id='line_1_41' title="bbox 534 2770 1550 2827; baseline -0.001 -14"><span class='ocrx_word' id='word_1_217' title='bbox 534 2773 713 2826; x_wconf 80' lang='lat' dir='ltr'>Quoque</span> <span class='ocrx_word' id='word_1_218' title='bbox 747 2774 839 2827; x_wconf 86' lang='lat' dir='ltr'>pari</span> <span class='ocrx_word' id='word_1_219' title='bbox 873 2772 1019 2826; x_wconf 89' lang='lat' dir='ltr'>spacio</span> <span class='ocrx_word' id='word_1_220' title='bbox 1055 2785 1138 2813; x_wconf 83' lang='grc' dir='ltr'>11οΧ</span> <span class='ocrx_word' id='word_1_221' title='bbox 1170 2771 1249 2812; x_wconf 80' lang='lat' dir='ltr'>fuit</span> <span class='ocrx_word' id='word_1_222' title='bbox 1282 2779 1410 2824; x_wconf 88' lang='lat' dir='ltr'>atque</span> <span class='ocrx_word' id='word_1_223' title='bbox 1445 2770 1550 2812; x_wconf 88' lang='lat' dir='ltr'>dies.</span> 
     </span>
    </p>
   </div>
   <div class='ocr_carea' id='block_1_9' title="bbox 479 2926 744 2969">
    <p class='ocr_par' dir='ltr' id='par_1_22' title="bbox 479 2926 744 2969">
     <span class='ocr_line' id='line_1_42' title="bbox 479 2926 744 2969; baseline -0.008 -9"><span class='ocrx_word' id='word_1_224' title='bbox 479 2928 486 2943; x_wconf 79' lang='lat'>¹</span> <span class='ocrx_word' id='word_1_225' title='bbox 515 2926 673 2969; x_wconf 74' lang='lat' dir='ltr'>pinguae</span> <span class='ocrx_word' id='word_1_226' title='bbox 702 2928 744 2958; x_wconf 70' lang='lat' dir='ltr'>A.</span> 
     </span>
    </p>
   </div>
  </div>
 </body>
</html>
