1919 3273
327 134 396 169 405

330 277 567 328 excessisti,
589 287 687 318 mox
709 278 910 331 generosi
933 279 1062 320 animi
1086 279 1215 320 ductu
1235 279 1398 320 maiora
1421 280 1619 334 aspirans
1642 280 1685 321 in
1708 281 1817 322 cele-

328 350 512 390 berrima
526 348 763 390 Patavinae
782 349 898 390 urbis
914 349 1138 391 academia
1157 349 1218 391 ita
1233 350 1475 391 liberalium
1494 351 1646 392 artium
1667 351 1818 394 studiis

328 421 516 461 animum
548 425 667 460 tuum
695 420 934 472 excoluisti,
968 428 1013 461 ut
1046 421 1129 462 iam
1163 427 1251 462 tum
1285 435 1434 463 omnes
1468 423 1674 475 aequales
1707 429 1817 475 tuos,

330 491 438 533 sicut
461 492 735 533 scientiarum
760 492 909 545 gloria,
939 492 1000 533 ita
1031 493 1157 533 etiam
1182 492 1366 534 candida
1389 493 1519 534 animi
1549 493 1819 545 dexteritate,

328 563 496 604 erudita
528 563 703 617 pietate,
754 563 1080 617 incomparabili
1112 564 1338 616 modestia,
1374 571 1416 606 et
1448 564 1697 606 fortitudine
1729 565 1819 619 plu-

327 634 476 676 rimum
510 635 822 676 antecellueris.
856 635 1126 689 Religionem
1157 636 1314 677 deinde
1349 636 1500 690 spiritu
1533 643 1684 678 sancto
1718 650 1818 690 sug-

328 712 506 759 gerente
528 707 764 760 amplexus,
801 712 1006 759 quantum
1029 707 1071 747 in
1094 708 1269 760 negotio
1293 707 1546 761 evangelico
1569 707 1818 761 profeceris,

330 790 457 830 quam
491 777 639 819 solidis
671 791 801 819 verae
836 785 877 819 et
910 778 1081 820 divinae
1116 779 1356 832 sapientiae
1396 779 1602 820 doctrinis
1635 779 1819 820 animum

329 855 459 901 tuum,
483 849 701 900 imbueris,
736 850 878 890 mirari
900 849 1095 903 profecto
1118 850 1261 903 potius
1281 851 1406 892 valeo
1430 864 1556 903 quam
1580 851 1722 903 eloqui
1745 883 1753 891 .
1777 884 1784 891 .
1811 885 1818 893 .

328 1083 534 1119 Persona
552 1082 753 1119 Kristofl
782 1083 1015 1130 Agathias
1035 1083 1358 1119 sorditasanak
1377 1084 1560 1132 Matyas
1581 1083 1821 1131 kiralyhoz

850 1149 1049 1186 intezett
1077 1149 1301 1186 eloszava.

715 1254 929 1296 Matthiae
962 1254 1072 1309 Regii
1112 1254 1332 1309 Unyariae
1365 1259 1436 1296 etc.

451 1348 589 1398 Quam
607 1349 792 1391 maxime
809 1350 968 1401 valeat,
986 1350 1080 1391 Rex
1100 1349 1399 1401 Serenissime,
1419 1350 1474 1392 ad
1492 1351 1608 1392 bella
1630 1350 1824 1404 gerenda

330 1420 566 1474 priscorum
599 1434 668 1462 res
702 1428 851 1475 gestas
884 1422 1124 1475 perlegere,
1158 1421 1350 1475 profecto
1374 1421 1588 1463 neminem
1609 1421 1728 1473 latet,
1754 1423 1824 1475 qui

333 1492 388 1533 ad
420 1492 482 1533 rei
514 1492 707 1534 militaris
742 1493 937 1547 peritiam
972 1493 1245 1534 historiarum
1279 1493 1569 1546 cognitionem
1604 1493 1821 1535 adiecerit.

332 1563 441 1604 Nam
474 1570 520 1604 ut
552 1564 712 1606 Romae
749 1564 957 1606 Catonem
992 1565 1255 1618 accepimus,
1289 1564 1388 1605 dum
1411 1565 1578 1605 interea
1599 1570 1824 1618 cogeretur

334 1641 525 1687 senatus,
558 1636 689 1677 libros
725 1637 893 1677 solitum
927 1637 969 1676 in
1004 1636 1121 1677 curia
1154 1636 1363 1687 lectitare,
1398 1642 1444 1676 ut
1465 1642 1620 1690 postea
1651 1636 1694 1677 in
1727 1649 1824 1678 con-

334 1705 514 1748 sulendo
536 1715 578 1748 et
597 1708 905 1762 rempublicam
930 1707 1271 1749 administrando
1290 1721 1418 1761 quam
1439 1708 1598 1762 optime
1619 1708 1825 1748 maiorum

332 1779 469 1832 possit
490 1779 699 1833 exemplis
721 1779 813 1820 eius
836 1780 1074 1821 sententias
1109 1779 1375 1831 confirmare,
1410 1779 1470 1820 sic
1502 1779 1604 1820 item
1629 1783 1671 1820 et
1692 1792 1825 1832 saepe

332 1850 375 1890 in
409 1851 561 1892 castris
606 1857 880 1904 praestantes
924 1851 1020 1892 illos
1070 1851 1282 1892 exercitus
1321 1851 1454 1892 duces
1486 1857 1677 1891 veterum
1709 1849 1827 1891 facta

336 1922 691 1964 commeminisse.
727 1923 783 1965 Ut
815 1923 1026 1964 Achillem
1059 1923 1269 1964 Homerus
1292 1922 1456 1963 inducit
1489 1936 1514 1963 a
1536 1921 1699 1976 praelio
1732 1921 1825 1962 red-

336 1999 507 2035 euntem
542 2007 594 2034 ea
625 1994 668 2034 in
691 2007 737 2034 re
761 1994 1024 2047 quiescendo
1048 1994 1231 2035 maxime
1265 1993 1542 2045 delectatum,
1575 1992 1761 2035 virorum
1783 1998 1828 2033 ut

333 2064 506 2105 fortium
551 2065 703 2106 laudes
746 2066 1023 2116 decantaret3
1072 2065 1187 2117 quod
1220 2064 1418 2118 equidem
1451 2078 1547 2106 reor
1579 2070 1621 2104 et
1653 2070 1695 2104 te
1729 2063 1827 2104 duni

334 2149 411 2189 per
443 2136 573 2177 otium
605 2136 706 2178 licet
740 2137 913 2190 saepius
940 2137 1139 2178 factitare
1171 2143 1213 2178 et
1242 2136 1477 2190 priscorum
1508 2136 1685 2189 egregie
1718 2135 1828 2189 prin-

335 2207 476 2261 cipum
509 2214 636 2260 gesta
667 2209 737 2250 vel
769 2209 1012 2249 memoriter
1044 2221 1273 2250 recensere
1303 2208 1372 2248 vel
1405 2221 1458 2248 ex
1479 2207 1598 2248 libris
1619 2213 1828 2260 repetere,

334 2285 380 2319 ut
414 2278 645 2320 maioribus
679 2279 832 2320 animis
856 2293 907 2320 ac
931 2279 1057 2321 simul
1089 2279 1318 2333 prudentia
1341 2278 1523 2332 aggredi
1546 2290 1694 2331 queas,
1720 2289 1829 2330 quae

337 2364 390 2391 ex
421 2350 533 2392 iusto
566 2351 644 2392 tibi
677 2358 775 2392 sunt
807 2351 921 2392 bello
955 2358 996 2392 et
1031 2364 1126 2392 cum
1155 2350 1306 2392 Turcis
1329 2350 1562 2404 praecipue
1587 2348 1829 2390 Christiano

337 2422 496 2463 nomini
529 2422 714 2462 omnium
746 2422 1049 2464 infensissimis
1082 2421 1269 2463 iucunda
1301 2422 1548 2463 certamina.
1585 2420 1686 2461 Cum
1721 2419 1830 2461 haec

338 2493 488 2546 procul
532 2493 661 2535 dubio
694 2507 771 2547 per
803 2478 844 2534 fe
878 2494 1010 2535 veluti
1042 2493 1260 2547 peculiare
1305 2493 1551 2545 avitumque
1584 2505 1635 2533 ac
1666 2491 1830 2544 regium

456 2633 466 2653 ¹
495 2634 530 2668 A
556 2633 646 2669 Cod.
674 2635 735 2669 lat.
763 2635 902 2669 Monac.
942 2645 993 2668 nr.
1021 2633 1172 2667 294-1061
1210 2636 1322 2671 (saec.
1350 2632 1427 2666 XV.
1453 2632 1602 2666 membr.
1636 2630 1830 2675 elegantis-

339 2695 463 2735 simus,
489 2704 557 2735 „ex
583 2695 770 2729 electorali
795 2694 1025 2728 Bibliotheca
1044 2693 1220 2728 Sereniss.
1239 2692 1428 2735 utriusque
1446 2691 1622 2724 Bavariae
1647 2689 1830 2728 ducumff).

338 2754 372 2788 A
405 2754 520 2788 codex
559 2755 696 2789 czime:
740 2754 941 2797 „Agathias
980 2754 1025 2788 de
1065 2753 1161 2787 bello
1200 2752 1396 2796 gothorum
1435 2754 1470 2784 et
1510 2750 1590 2784 aliis
1629 2749 1831 2793 peregrinis

338 2814 500 2848 historiis
538 2825 604 2857 per
631 2813 931 2857 Christophorum
969 2813 1133 2847 Persona
1170 2822 1357 2845 romanum
1385 2821 1403 2844 e
1432 2819 1565 2853 graeco
1603 2809 1639 2842 in
1678 2807 1831 2842 latinum

339 2874 562 2908 traductus.“
593 2874 818 2917 Ugyanezen
835 2872 1007 2906 sorditast
1032 2872 1196 2905 Persona
1221 2870 1366 2905 Beatrix
1386 2867 1638 2912 kiralynenak‚
1665 2867 1831 2901 Lorenzo

340 2933 396 2968 de'
424 2933 629 2968 Medicinek
656 2932 696 2967 es
723 2932 781 2966 IV.
811 2931 931 2966 sixtus
958 2931 1129 2976 papanak
1150 2932 1180 2965 is
1199 2931 1387 2975 ajanlotta.
1416 2918 1576 2962 Eleterol
1604 2929 1623 2960 l.
1650 2925 1830 2960 Bandinit.
