1955 3278
358 287 586 334 Excerpta
612 297 636 323 e
663 286 862 323 Marsilii
891 286 1043 323 Ficini
1069 288 1288 334 operibus.
1305 288 1315 308 ¹

91 384 339 427 Proeoninm
383 384 574 426 Marsilz'i
616 383 764 426 Fiam·
807 383 1055 426 Florentiam
1100 385 1148 426 m
1187 384 1341 426 librum
1378 386 1444 427 De
1484 385 1579 427 Vita

98 455 286 498 Caelitns
335 455 635 509 Comymamla
667 456 724 496 ad
762 454 1089 497 Serenissz'nmnz
1134 456 1394 499 Pannoniae
1441 472 1578 513 reyem

493 525 707 568 Manciam
739 540 901 578 semper
933 525 1151 569 invictum.
1167 525 1180 547 '²

212 622 464 676 Philosophi
495 628 663 662 veteres
696 635 771 662 rex
804 621 989 662 omnium
1021 621 1282 668 felicissime,
1329 623 1578 664 caelestium

95 693 207 736 vires
238 693 570 745 inferiorumque
602 699 777 733 naturas
814 692 1141 746 diligentissime
1174 694 1444 746 perscrutati,
1485 707 1579 736 cum

95 764 389 806 existimarent
433 763 646 804 hominem
691 763 849 804 frustra
894 776 1059 817 sapere,
1106 763 1177 815 qui
1214 777 1299 805 non
1339 764 1421 806 sibi
1454 765 1578 819 sapit,

94 841 228 877 totam
260 835 410 876 merito
443 834 827 888 perscrutationem
855 847 975 875 suam
996 833 1227 888 imprimis³
1262 835 1318 876 ad
1340 835 1470 876 vitam
1500 836 1580 877 sibi

95 907 276 948 caelitus
329 905 663 959 comparandam
710 906 909 947 retulisse
961 905 1171 956 videntur⁷
1224 906 1464 948 iudicantes
1518 907 1581 955 (ut

95 975 289 1029 arbitror)
322 983 410 1018 tum
444 977 657 1017 elementa
690 982 732 1017 et
765 989 874 1029 quae
909 990 962 1018 ex
994 977 1061 1017 his
1094 982 1402 1030 componuntur
1424 977 1581 1018 frustra

95 1048 178 1089 sibi
211 1047 383 1101 cognita
414 1047 519 1098 fore,
553 1054 642 1087 tum
676 1054 815 1088 motus
850 1047 1099 1088 caelestium
1133 1053 1176 1088 et
1208 1047 1391 1088 influxus
1420 1056 1580 1090 temere

95 1119 269 1160 nimium
301 1119 566 1170 observatos,
602 1119 684 1159 nisi
717 1119 827 1159 haec
860 1132 943 1159 una
973 1132 1067 1159 cum
1090 1118 1172 1159 illis
1198 1119 1370 1172 cognita
1393 1118 1580 1160 simulat-

96 1202 179 1242 que
213 1189 441 1230 coniuncta
473 1188 705 1241 aliquando
740 1189 821 1230 sibi
853 1188 909 1230 ad
942 1189 1073 1230 vitam
1115 1189 1450 1243 felicitatemque
1485 1204 1580 1232 con-

95 1260 315 1301 ducerent.
348 1259 514 1301 Profuit
546 1266 689 1300 autem
721 1259 818 1311 illis,
859 1266 904 1300 ut
936 1259 1116 1309 videtur,
1153 1260 1362 1302 eiusmodi
1394 1267 1582 1302 contem-

96 1331 228 1385 platio
282 1331 338 1372 ad
376 1332 507 1373 vitam
553 1331 686 1384 primo
732 1337 1015 1384 praesentem.
1070 1331 1178 1372 Nam
1226 1332 1496 1385 Pythagoras
1541 1339 1582 1374 et

96 1402 368 1443 Democritus
401 1402 738 1455 Apolloniusque
772 1401 1078 1454 Theanaeus,4
1112 1409 1154 1443 et
1187 1403 1428 1455 quicunque
1462 1403 1517 1444 ad
1538 1403 1582 1445 id

96 1473 366 1527 potissimum
387 1473 654 1523 studuerunt,
678 1487 817 1514 rerum
841 1473 921 1514 sibi
943 1473 1207 1527 cognitarum
1230 1487 1310 1515 usu
1333 1487 1581 1528 prosperam

97 1543 387 1586 valetudinem
432 1545 651 1585 consecuti
696 1550 793 1585 sunt
831 1544 1045 1597 vitamque
1079 1545 1347 1598 longaevam.
1398 1544 1583 1586 Contulit

96 1614 273 1668 insuper
317 1615 372 1656 ad
404 1615 589 1656 futuram
622 1615 751 1657 vitam
792 1621 879 1655 tum
912 1628 989 1669 per
1021 1615 1199 1669 gloriam
1237 1616 1352 1669 apud
1385 1623 1581 1669 posteros

98 1685 443 1740 propagandam,
492 1692 580 1726 tum
626 1686 741 1740 apud
787 1686 912 1727 deum
956 1686 997 1726 in
1044 1687 1298 1728 aeternitate
1344 1687 1582 1737 fruendam,

98 1756 309 1809 siquidem
332 1770 384 1798 ex
407 1757 587 1798 mirabili
612 1756 759 1798 mundi
781 1757 910 1798 totius
934 1757 1096 1808 ordine,
1122 1757 1212 1799 eius
1230 1757 1405 1799 tandem
1429 1771 1584 1811 cogno-

97 1840 197 1869 Vere
241 1834 450 1869 rectorem
484 1834 526 1869 et
559 1834 657 1868 ante
703 1828 844 1869 omnia
889 1826 1134 1881 cognitum5
1179 1834 1442 1869 amaverunt.
1489 1828 1585 1869 Tibi

101 1910 198 1939 vero
243 1898 423 1951 gloriam
467 1912 544 1952 per
592 1899 739 1940 secula
788 1905 942 1940 cuncta
988 1899 1192 1950 futuram,
1242 1899 1586 1952 magnanimitas,

101 1968 431 2022 magnificentia,
472 1969 650 2011 victoria
688 1975 897 2024 perpetua
931 1970 1196 2024 pollicentur.
1242 1969 1381 2010 Vitam
1416 1983 1584 2023 quoque

220 2075 230 2092 ¹
256 2073 354 2108 Lasd
380 2074 558 2109 Marsilius
578 2075 723 2109 Ficinus
743 2078 871 2109 'osszes
898 2074 1124 2108 munkainak
1150 2075 1267 2109 baseli
1291 2075 1470 2115 kiadasat‚
1489 2075 1585 2118 mely

101 2134 281 2168 1576-ban
307 2144 350 2168 ex
368 2134 516 2169 officina
534 2134 809 2178 Henricpetrina
828 2135 946 2168 kerfflt
966 2134 1012 2168 ki.
1044 2134 1099 2167 Az
1126 2134 1233 2168 innen
1255 2134 1396 2168 ko'zlott
1422 2134 1586 2168 darabok

98 2193 334 2237 legnagyobb
352 2191 473 2227 reszet
499 2193 885 2227 osszehasonlitottam
914 2204 933 2227 a
958 2193 1127 2227 florenczi
1146 2193 1386 2227 Laurentiana
1406 2193 1587 2237 ko‘nyvtar

99 2252 322 2293 codexeivel,
350 2253 535 2297 melyeket
554 2253 655 2287 F-fel
670 2253 846 2298 jel'o'ltcm,
873 2254 947 2297 mig
965 2263 985 2286 a
1004 2255 1226 2297 nyomtatott
1246 2253 1374 2287 kiadas
1394 2253 1587 2287 olvasatait

100 2311 144 2344 H
165 2311 311 2346 betiivel
338 2312 514 2357 jeloltem.
558 2313 592 2346 A
618 2312 747 2347 kiadas
775 2312 1046 2356 orthographiai
1075 2312 1190 2346 hibait
1227 2313 1383 2356 (sydera,
1423 2313 1586 2351 coelitus,

100 2370 312 2410 authoritas,
341 2381 451 2414 quum
478 2371 562 2413 stb.)
601 2371 785 2416 hallgatva
825 2371 1069 2415 kijavitottam
1096 2382 1115 2404 a
1142 2369 1406 2406 keziratokbol.
1446 2372 1586 2415 Matyas

99 2428 217 2472 kiraly
253 2428 362 2464 nevet
401 2441 421 2464 a
450 2430 619 2465 florenczi
650 2429 690 2465 es
720 2430 985 2465 wolfcnbiitteli
1019 2430 1222 2464 codexeket
1256 2430 1412 2465 ko‘vetve
1449 2431 1587 2475 mindig

99 2487 353 2522 Mathias-nak
377 2490 492 2530 irtam,
520 2500 540 2523 a
566 2489 769 2524 kiadasban
796 2489 895 2534 majd
921 2488 1112 2529 Matthias,
1139 2489 1237 2533 majd
1264 2489 1433 2523 Mathias
1458 2500 1537 2523 van.

219 2546 231 2565 2
256 2540 324 2592 I'gy
351 2548 436 2593 adja
462 2559 481 2583 e
500 2549 631 2583 czimet
658 2559 678 2582 a
705 2549 820 2583 codex
838 2549 941 2582 Laur.
961 2549 1050 2591 plut.
1070 2549 1125 2588 73,
1146 2549 1201 2582 39.
1223 2548 1298 2592 (F),
1327 2547 1468 2590 kiveve‚
1487 2549 1588 2592 hogy

100 2604 335 2640 Prohemium
366 2605 405 2642 es
432 2607 624 2641 Panoniae
649 2607 697 2642 all
725 2608 854 2642 benne.
895 2606 1044 2641 H-ban:
1084 2607 1231 2641 Marsilii
1257 2607 1371 2641 Ficini
1390 2608 1589 2642 Florentini

100 2664 137 2698 in
161 2664 292 2700 librum
316 2667 462 2701 tertium
489 2666 533 2701 de
561 2667 635 2700 vita
663 2667 817 2701 coelitus
846 2666 1092 2710 comparanda
1119 2666 1164 2700 ad
1191 2665 1472 2701 Serenissimum
1497 2666 1589 2700 Pan-

100 2724 232 2759 noniae
258 2735 382 2770 regem
409 2726 605 2769 epistolare
632 2727 869 2769 prooemium.

222 2784 234 2802 ³
260 2785 296 2818 in
322 2785 447 2828 primis
474 2785 524 2820 Η.

221 2843 235 2862 ⁴
261 2835 328 2888 Igy
358 2843 526 2888 Tyaneus
552 2845 703 2889 helyett.

224 2903 236 2921 ⁵
263 2906 299 2937 et
325 2905 433 2937 antea
459 2903 579 2937 omnia
606 2907 802 2948 cognatum
829 2904 877 2938 H.

173 2983 205 3010 E.
228 2975 324 3010 ABEL:
348 2985 507 3012 ANALECTA
527 2993 614 3011 NOVA.
1403 2975 1445 3008 19
