1919 3273
1487 93 1556 128 375

334 234 543 276 Contente
575 234 686 276 benc
718 234 908 276 terminis
942 234 1124 289 Olympi.

334 305 416 346 Tot
449 318 596 347 currus
630 304 839 358 Capitolio
872 306 1060 347 tonantis

211 385 283 419 225
335 375 481 417 Gessit
512 382 598 416 tam
632 374 859 417 decoratus
891 376 962 417 ille
994 377 1176 430 Magnus

333 447 413 488 Hic
444 446 610 487 Tauros
644 445 800 487 Cilicos
832 445 948 487 feros
982 446 1165 500 subegit.

335 517 441 558 Huic
473 529 573 570 pars
606 517 725 557 nulla
756 522 883 558 vacat
915 517 1004 557 suis
1037 518 1272 572 triumphis.

334 588 442 629 Hinc
474 587 596 628 tollat
629 587 773 627 titulos
808 587 1003 628 alumnus
1037 588 1166 639 urbis,

334 658 415 708 Qui
448 657 653 712 splendor
685 657 766 698 fuit
799 658 1002 711 aureique
1037 659 1129 699 sicli
1151 656 1208 712 (1),

211 739 283 773 230
332 729 386 770 Et
418 729 623 770 Messalla
656 741 732 770 suo
764 728 927 770 feratur
959 729 1098 771 hoste.

333 800 516 842 Corvino
549 800 708 854 pariter
739 800 835 854 pius
868 799 1076 841 Metellus.

333 870 580 913 Extendant
612 871 855 924 opulentius
887 870 1103 913 Lucullos.

334 942 501 984 Crassis
534 941 750 992 divitibus,
785 941 921 982 ferum
955 941 1177 983 Camillum

333 1013 545 1054 Victorem
578 1013 714 1067 patrie
747 1012 915 1053 furente
951 1013 1131 1054 Brenno.
1162 1032 1165 1036 ·

213 1094 283 1128 235
333 1083 522 1125 Aeterna
553 1083 711 1124 Marius
744 1083 909 1124 fruatur
941 1097 1044 1124 aura

336 1155 541 1208 Cymbros
575 1154 646 1207 qui
677 1154 841 1208 pepulit
876 1155 1087 1209 superbus
1120 1156 1282 1198 hostes.

333 1226 412 1267 Hic
442 1226 515 1267 ille
549 1225 733 1267 asseruit
764 1232 879 1267 metu
913 1226 1111 1278 Quirites,

335 1297 478 1338 Terris
512 1296 675 1350 depulit
708 1302 749 1338 et
781 1296 923 1350 iugum
959 1297 1137 1349 Latinis,

332 1368 422 1409 Has
454 1368 566 1409 inter
598 1373 798 1422 poterunt
830 1368 892 1409 tui
924 1368 1125 1423 triumphi

214 1450 283 1483 240
334 1439 519 1490 Laudes,
554 1446 627 1480 aut
659 1439 801 1491 aliquo
834 1439 929 1480 loco
962 1439 1117 1480 morari

333 1510 470 1551 Maius
503 1509 638 1563 gloria
671 1510 896 1551 continens
928 1516 1123 1564 nepotes.

334 1581 470 1622 Mater
501 1581 620 1622 lassa
652 1581 748 1621 Lini
781 1581 887 1622 satis
919 1581 1095 1634 loquuta

334 1652 497 1706 Regem
530 1651 746 1704 conticuit,
780 1651 927 1693 revisit
959 1658 1094 1693 antra.

335 1722 369 1764 O
404 1736 504 1777 spes
537 1722 766 1774 Pieridum,
801 1722 936 1764 chelis
970 1735 1139 1764 canore.

215 1804 284 1837 245
335 1793 369 1835 O
403 1794 555 1848 plectri
588 1793 787 1848 Cythare‚
820 1794 910 1847 lyre
943 1795 1154 1836 volumen.

336 1864 371 1907 O
406 1878 507 1919 spes
539 1865 745 1913 Romuleo
778 1877 871 1913 mec
905 1865 1104 1914 Minerve.

334 1936 541 1990 Princeps
574 1936 784 1990 deprecor
815 1936 927 1977 alitis
962 1936 1146 1990 superbe

334 2007 464 2048 Vivas
497 2013 693 2061 tempora
724 2007 934 2059 Nestoris,
971 2006 1145 2060 Sybille.

334 2078 417 2119 Aut
449 2091 586 2119 annos
619 2077 790 2129 Priami,
825 2077 1003 2130 diesque
1037 2077 1170 2129 vivas,

218 2160 286 2193 250
334 2149 537 2198 Invictus,
570 2149 680 2203 pius,
716 2155 757 2190 et
790 2148 944 2189 beatus
977 2161 1099 2189 unus.

75 2326 147 2367 Ad
168 2326 344 2368 eundem
375 2325 519 2368 divum
545 2325 856 2375 Vulctdislaum,
880 2324 1111 2380 Hunyarie
1134 2328 1170 2366 et
1190 2322 1387 2366 Bohemie
1404 2323 1561 2378 Reqem

74 2396 391 2449 foelieissimum
417 2402 455 2439 et
481 2412 643 2450 semper
664 2397 886 2447 invictum„
913 2396 1095 2438 Carmen
1123 2395 1318 2449 lyricum,
1341 2409 1421 2448 quo
1436 2399 1563 2447 poeta

72 2472 194 2522 φοραί
215 2468 390 2509 Budam
412 2468 558 2509 urbem
580 2472 628 2509 ut
649 2467 746 2509 reli&
775 2468 846 2509 deo
864 2466 1009 2522 qratia
1029 2480 1163 2521 ayere,
1191 2481 1268 2519 pro
1297 2469 1415 2508 tanto
1435 2464 1562 2518 prin-

538 2538 625 2592 cipe
656 2538 705 2580 m
737 2553 875 2593 reyem
907 2542 1107 2590 suscepto.

359 2646 484 2687 Buda
516 2646 697 2688 devictis
731 2645 921 2700 spetiosa
953 2645 1078 2686 tectis

432 2717 652 2769 Hostibus,
686 2730 851 2758 mecum
877 2717 1068 2757 meritum
1094 2729 1278 2770 superno

433 2787 604 2829 Gratias
639 2787 794 2841 dignas
828 2787 992 2828 referes
1025 2786 1192 2828 tonanti

492 2859 574 2899 Pro
609 2858 717 2900 duce
752 2858 885 2899 salvo.
