1955 3278
149 1342 266 1372 Ebrios

119 1404 183 1424 non
203 1404 300 1432 posse

128 1446 278 1476 dormire.

120 1838 293 1868 Ebriorum

157 1900 263 1920 curae.

149 2143 268 2173 Vinum

139 2196 278 2225 luctator

132 2249 290 2286 pessimus

119 2304 150 2331 et
167 2300 302 2330 dolosus.

162 2834 264 2865 Morbi

111 2887 282 2924 sinsaniae.

330 116 396 149 132

323 266 364 301 et
386 260 521 313 gestis
546 259 747 313 Apollinii
769 259 1007 312 Thyanaei,
1037 259 1107 312 qui
1130 272 1223 300 cum
1245 272 1346 311 rege
1374 258 1590 300 Pharaote
1611 258 1815 300 confabu-

321 333 459 373 lanter
479 330 704 385 disputans
727 330 869 371 taliter
892 329 1115 371 disseruit:
1152 329 1377 379 salutavit,
1409 329 1557 382 inquit,
1591 343 1666 371 rex
1688 330 1815 384 Apol-

321 403 493 449 lonium,
526 402 892 455 interrogavitque
926 401 979 443 ab
1005 414 1069 452 eo,
1104 401 1304 453 quidnam
1337 400 1625 442 meditaretur.
1662 401 1814 453 Neque

322 474 434 516 enim
461 473 642 514 dormire
665 479 705 514 te
736 473 909 513 nimium
933 472 1126 522 arbitror,
1161 485 1255 513 cum
1279 485 1434 524 aquam
1458 471 1582 513 bibas
1606 478 1648 513 et
1670 473 1814 514 vinum

322 552 583 587 contemnas.
617 545 725 585 Tum
748 544 1018 597 Apollonius:
1044 544 1109 584 An
1136 556 1219 584 non
1246 543 1427 584 dormire
1452 556 1606 584 censes
1630 556 1718 593 eOS,
1743 543 1814 596 qui

322 630 477 668 aquam
512 614 699 657 bibunt?
744 614 952 664 Dormire,
991 614 1178 666 inquam,
1215 614 1409 660 arbitror,
1443 627 1518 655 rex
1552 614 1701 667 inquit,
1736 614 1813 656 sed

322 700 399 741 per
415 687 554 728 levem
573 699 781 736 somnum,
802 691 842 726 et
867 686 1036 738 qualem
1056 685 1236 726 dicimus
1255 685 1430 726 summis
1455 685 1588 727 oculis
1611 685 1812 736 insidere,

321 772 406 799 non
450 763 592 798 autem
636 757 778 798 menti.
827 756 960 797 Immo
995 769 1108 807 vero,
1154 756 1290 809 inquit
1328 756 1593 810 Apollonius,
1633 762 1813 809 utroque

323 830 548 879 dormiunt,
582 829 691 870 forte
727 828 854 869 etiam
894 833 1036 869 mente
1070 827 1220 880 magis,
1255 827 1337 868 nisi
1370 828 1481 868 enim
1516 828 1661 880 quieta
1692 841 1814 869 mens

321 901 462 951 fuerit,
488 913 757 952 nequaquam
780 899 891 939 oculi
916 912 1109 939 somnum
1133 898 1380 952 suscipient.
1403 899 1639 952 Propterea
1666 898 1813 940 furiosi

322 972 516 1013 homines
540 971 720 1011 dormire
743 976 962 1022 nequeunt
985 975 1159 1024 propter
1187 969 1406 1010 assiduam
1436 970 1591 1011 mentis
1618 970 1814 1023 agitatio-

322 1057 429 1084 nem.
465 1042 585 1091 Quae
620 1055 713 1083 cum
746 1041 789 1081 in
810 1041 896 1081 alia
929 1054 981 1081 ex
1016 1040 1110 1081 aliis
1139 1040 1294 1093 iugiter
1320 1039 1550 1093 cogitando
1572 1041 1814 1082 transiliant

321 1122 440 1155 torve
458 1113 814 1167 impudenterque
833 1111 1061 1166 aspiciunt,
1083 1111 1192 1152 sicut
1212 1111 1431 1152 insomnes
1457 1110 1676 1153 dracones.
1701 1110 1814 1160 Quo·

322 1186 436 1226 niam
468 1185 608 1237 igitur,
631 1197 654 1225 0
678 1196 753 1224 rex
782 1183 1012 1224 manifeste
1041 1182 1308 1235 interpretati
1332 1195 1491 1233 sumus,
1517 1182 1618 1235 quid
1639 1195 1813 1224 somnus

322 1263 533 1311 operetur,
569 1254 816 1306 concedam,
852 1254 888 1295 si
911 1254 1072 1295 ebrium
1092 1253 1232 1308 ipsum
1261 1253 1553 1307 supposueris,
1579 1253 1705 1294 etiam
1729 1267 1814 1295 non

322 1328 517 1369 dormire.
564 1326 855 1368 Debacchans
901 1326 1012 1366 enim
1047 1331 1088 1366 et
1124 1325 1247 1377 quasi
1279 1324 1427 1366 furens
1472 1325 1637 1366 animus
1677 1325 1814 1366 multi-

323 1400 502 1454 pliciter,
527 1399 643 1438 illum
668 1398 880 1447 devolvet,
906 1402 948 1437 et
972 1397 1163 1450 plurimis
1188 1396 1381 1449 implebit
1405 1396 1813 1450 perturbationibus,

323 1470 522 1512 videntur
555 1469 667 1510 enim
713 1469 795 1509 sibi
840 1481 988 1509 omnes
1028 1468 1099 1520 qui
1132 1474 1342 1521 concepta
1387 1467 1596 1509 ebrietate
1632 1467 1813 1508 dormire

322 1543 524 1592 nituntur,
559 1554 672 1581 nunc
705 1553 841 1592 usque
876 1539 931 1580 ad
964 1539 1115 1580 domus
1149 1539 1316 1580 culmen
1342 1538 1490 1589 attolli,
1525 1552 1635 1580 nunc
1669 1551 1814 1579 rursus

323 1613 400 1654 sub
435 1619 591 1653 terram
625 1611 808 1661 detrudi,
843 1617 884 1651 et
917 1610 992 1650 tali
1026 1611 1179 1663 agitari
1219 1610 1446 1663 vestigine,
1489 1610 1605 1662 quali
1639 1609 1814 1651 circum-

322 1684 436 1726 volvi
474 1684 663 1724 Ixionem
708 1682 883 1723 fabulae
923 1681 1163 1735 perhibent.
1219 1682 1272 1721 Et
1310 1681 1429 1721 utin
1474 1681 1587 1722 hanc
1633 1681 1813 1722 eandem

323 1756 580 1796 sententiam
626 1753 841 1795 accedens
889 1753 1115 1794 Lucretius
1151 1752 1258 1793 libro
1295 1752 1368 1793 III.
1403 1752 1456 1793 de
1489 1765 1627 1793 rerum
1662 1759 1815 1793 natura

322 1827 424 1868 dicit
477 1826 590 1875 „Nec
636 1825 824 1879 reperire
866 1830 1005 1878 potes.
1052 1823 1153 1876 quid
1187 1824 1241 1864 sit
1285 1823 1362 1864 tibi
1408 1836 1540 1877 saepe
1586 1824 1814 1864 malicum

318 1898 473 1939 Ebrius
517 1897 682 1949 urgeris
727 1896 870 1937 multis
904 1896 1031 1937 miser
1081 1895 1267 1947 undique
1314 1895 1425 1936 curis
1470 1895 1609 1947 Atque
1658 1895 1813 1944 animo,

320 1969 481 2010 incerto
515 1968 688 2008 fluitans
723 1980 863 2008 errore
899 1967 1071 2020 vagaris
1108 1966 1154 2007 Si
1188 1973 1367 2020 possent
1404 1966 1600 2007 homines
1634 1966 1814 2019 proinde

323 2054 372 2081 ac
404 2040 562 2080 sentire
587 2039 731 2080 videre
754 2038 930 2079 Pondus
953 2039 1065 2078 inest
1089 2038 1243 2087 animo,
1269 2036 1382 2089 quod
1403 2037 1616 2089 gravitate
1646 2036 1813 2090 fatiget,

322 2112 461 2163 Atque
496 2110 597 2163 quid
618 2110 809 2162 effugere
843 2109 959 2150 haud
980 2109 1091 2162 potis
1116 2114 1181 2149 est
1203 2108 1361 2149 invitus
1385 2107 1593 2148 adhaeret
1617 2114 1658 2148 et
1682 2107 1813 2149 odit“.

322 2183 370 2223 In
404 2182 500 2223 vino
536 2182 695 2222 etenim
735 2194 936 2233 magnum
976 2181 1088 2221 inest
1121 2180 1281 2230 vitium,
1318 2178 1431 2231 quod
1464 2179 1602 2233 pedes
1646 2185 1814 2232 patrum

324 2259 481 2307 captet,
528 2260 572 2293 ut
614 2252 672 2292 ait
710 2252 902 2303 Plautus,
946 2252 1147 2304 quoniam
1186 2251 1371 2291 luctator
1416 2251 1628 2303 pessimus
1662 2256 1727 2290 est
1773 2256 1815 2290 et

325 2324 512 2364 dolosus.
547 2323 773 2364 Paululum
804 2323 933 2375 igitur
966 2322 1135 2363 sublato
1166 2321 1306 2375 capite
1329 2321 1595 2375 Apollonius,
1630 2320 1814 2370 Quanto⁷

321 2396 469 2448 inquit,
503 2408 581 2435 nos
616 2395 686 2447 qui
720 2408 875 2446 aquam
910 2394 1093 2435 bibimus
1127 2392 1323 2434 dulcibus
1363 2393 1524 2433 somnis
1560 2392 1696 2445 magis
1740 2390 1813 2431 ab·

323 2466 545 2518 nudemus,
581 2479 706 2518 quam
740 2465 810 2517 qui
842 2465 984 2506 vinum
1007 2465 1155 2505 bibunt
1188 2464 1271 2503 iam
1302 2463 1527 2504 ostendam
1550 2469 1665 2503 tuam
1688 2461 1814 2502 ratio-

322 2551 420 2578 nem
453 2543 640 2578 secutus.
683 2536 806 2585 Quod
841 2542 983 2577 autem
1012 2535 1156 2576 multis
1190 2534 1375 2587 agitetur
1408 2532 1813 2587 perturbationibusk

324 2615 365 2649 et
398 2608 520 2661 qnasi
546 2608 666 2648 furiis
700 2607 956 2660 quibusdam
980 2613 1157 2647 vexetur
1187 2605 1399 2645 ebriorum
1423 2618 1556 2653 mens,
1585 2610 1700 2644 recte
1735 2603 1814 2644 abs

324 2688 363 2721 te
410 2681 567 2722 dictum
613 2693 711 2721 esse
756 2680 907 2729 fateor,
956 2678 1149 2719 videmus
1196 2677 1307 2718 enini
1353 2677 1560 2717 ebrietate
1595 2681 1814 2728 correptos

323 2753 537 2805 geminam
570 2752 726 2801 lunam,
752 2751 967 2804 geminum
1002 2750 1135 2791 solem
1159 2761 1256 2789 sese
1288 2747 1434 2788 videre
1464 2745 1672 2796 arbitrari,
1705 2745 1813 2785 alios

324 2836 407 2863 non
435 2823 572 2863 minus
607 2823 752 2875 lapsos
781 2828 823 2862 et
848 2834 960 2874 pene
985 2820 1150 2861 sobrios
1173 2818 1279 2859 nihil
1303 2817 1474 2870 quidem
1499 2817 1583 2857 tale
1610 2816 1814 2869 cogitare,

325 2893 401 2934 sed
432 2894 596 2934 laetitia
624 2893 781 2945 gestire
816 2898 858 2932 et
880 2892 1098 2944 voluptate
1129 2889 1313 2942 quadam
1337 2888 1549 2943 perfundi,
1577 2887 1706 2939 idque
1729 2899 1814 2927 non
