1919 3273
338 121 409 155 420

385 420 429 453 25

383 777 428 811 30

383 1134 428 1168 35

379 1491 426 1525 40

380 1851 425 1884 45

381 2208 425 2242 50

488 267 682 318 Qualiter
713 267 916 309 amissam
950 268 1186 321 quaerebat
1220 268 1380 311 femina
1414 269 1649 324 dragmam,

547 339 743 391 Curaque
777 338 830 380 de
863 339 1039 392 reliquis
1072 353 1157 381 non
1191 353 1375 394 operosa
1407 341 1487 382 fuit

491 410 632 463 thue
662 424 840 468 gregem
866 416 1014 465 pastor
1040 411 1193 464 linquit
1224 411 1316 453 sine
1344 412 1441 466 lege
1463 413 1682 466 palantem

547 481 762 523 Sollicitus
797 482 928 523 solam
964 481 1135 535 quando
1168 483 1343 535 requirit
1376 496 1510 524 ovem.

486 552 558 595 Sic
591 566 758 606 quoque
787 558 844 605 te,
880 553 1105 595 Christus1
1138 560 1256 595 tanto
1291 555 1505 607 quaesivit
1526 568 1683 606 amore,

543 624 600 666 Ut
632 624 752 665 daret
783 624 932 665 infami
966 625 1150 679 subiuga
1183 625 1293 666 colla
1325 626 1434 676 neci,

485 696 533 738 In
568 709 734 737 crucem
770 696 979 747 ascendit,
1014 702 1211 750 spectare
1245 703 1290 738 ut
1322 703 1471 751 posset
1504 697 1558 738 ab
1592 699 1678 739 alto

544 767 638 816 Qua
670 768 817 822 procul
850 781 875 808 a
906 773 1026 809 recta
1059 767 1279 809 detineare
1313 769 1392 810 via.

484 839 683 892 Denique
717 839 992 893 praecipuam
1025 852 1102 893 pro
1135 846 1269 881 morte
1304 840 1497 893 elegerat
1530 840 1678 882 urbem

546 910 666 960 Quae
700 910 834 952 fertur
868 910 1039 952 Solimis
1074 924 1171 953 esse
1204 911 1346 953 locata
1378 912 1533 966 plagis,

486 982 542 1024 Ut
574 984 741 1036 patriae
775 983 970 1035 quamvis
1005 982 1189 1024 obscura
1220 982 1375 1024 fuisset
1407 984 1526 1037 origo

543 1053 644 1107 Ipsa
676 1054 796 1095 110013
830 1054 983 1095 33110111
1017 1054 1191 1108 cognita
1223 1060 1337 1095 terra
1368 1055 1491 1097 foret.

485 1124 600 1166 Vidit
623 1131 665 1166 et
688 1125 787 1167 111110
811 1124 994 1179 Gangen
1014 1126 1178 1179 positas
1201 1132 1243 1167 et
1266 1126 1319 1168 ab
1342 1126 1527 1168 Hercule
1546 1126 1705 1179 Gades,

542 1196 701 1237 Tendit
733 1203 775 1238 et
808 1196 863 1238 ad
896 1197 1091 1250 geminos
1124 1197 1302 1239 brachia
1333 1198 1463 1251 longa
1495 1199 1631 1252 polos.

484 1268 618 1321 Inque
653 1281 753 1310 suas
788 1268 903 1317 (olim
937 1268 1051 1322 quod
1085 1267 1267 1323 dixerat)
1300 1270 1441 1311 01111113
1472 1270 1595 1323 leges

541 1340 703 1392 Traxit,
737 1341 780 1381 in
813 1341 987 1382 excelsa
1020 1341 1119 1382 dum
1153 1354 1277 1382 cruce
1311 1341 1421 1382 fixus
1455 1348 1559 1382 erat.

482 1410 558 1452 Ille
592 1424 669 1452 3110
702 1412 876 1453 meritas
908 1425 993 1453 non
1025 1412 1175 1466 pendit
1208 1413 1382 1454 crimine
1415 1426 1594 1466 poenas,

542 1482 635 1524 Hac
667 1484 789 1525 libuit
820 1490 1009 1525 nostrum
1043 1491 1212 1538 tergere
1245 1485 1343 1537 lege
1382 1484 1564 1538 nephas.

483 1553 570 1596 Sed
602 1568 656 1596 ne
688 1555 876 1596 iustitiae
909 1561 1055 1609 partes
1088 1556 1303 1597 omitteret
1335 1556 1459 1606 ullas,

541 1626 755 1667 Delictum
789 1627 962 1681 propria
995 1627 1072 1669 sub
1104 1628 1270 1668 ratione
1305 1627 1406 1681 piat.

481 1696 687 1750 Quaeque
720 1712 878 1752 parens
910 1699 1071 1753 primus
1105 1699 1284 1752 deliquit
1312 1704 1454 1739 mente
1479 1698 1679 1752 superba,

538 1769 658 1810 Haec
692 1769 839 1811 humili
872 1770 1011 1811 deitas
1046 1771 1190 1825 expiat
1223 1771 1311 1811 alta
1342 1771 1456 1823 iugo.

482 1841 623 1881 Prima
646 1841 763 1882 dedit
783 1855 983 1895 magnum
1006 1842 1172 1883 miseris
1197 1855 1277 1882 ceu
1299 1841 1460 1882 femina
1483 1840 1696 1893 damnum,

544 1912 615 1953 Sic
648 1913 798 1954 mulier
830 1918 1002 1954 nostrae
1036 1926 1168 1954 causa
1201 1913 1352 1954 salutis
1386 1920 1489 1954 erat.

484 1984 648 2037 Illaque
683 1984 850 2026 divinas
881 1985 985 2027 vitio
1019 1986 1311 2027 cumulaverat
1343 1986 1443 2035 iras,

541 2056 660 2098 Haec
693 2056 843 2097 modus
876 2057 1031 2097 irarum
1067 2057 1447 2110 exterminiumque
1479 2056 1570 2098 fuit.

484 2127 564 2168 Illa
597 2128 799 2169 venenati
832 2128 1016 2182 decepta
1049 2135 1115 2169 est
1147 2141 1253 2169 voce
1288 2128 1500 2174 draconis,

540 2199 772 2252 Angelicae
805 2199 914 2241 11300
946 2200 1097 2241 meruit
1129 2199 1298 2240 cantica
1331 2199 1448 2241 vocis
1481 2212 1574 2241 ave,

481 2270 556 2311 Illa
590 2270 724 2311 virum
756 2271 893 2324 prima
924 2271 1027 2312 fecit
1060 2284 1228 2323 quoque
1261 2271 1359 2312 labe
1392 2276 1632 2321 nocentem,

540 2341 660 2382 Haec
694 2342 786 2383 31110
819 2355 894 2395 pro
928 2342 1076 2395 genuit
1109 2342 1282 2382 crimine
1315 2342 1434 2395 virgo
1468 2341 1606 2383 deum.

482 2411 691 2465 Quodque
724 2413 825 2465 gula
857 2414 974 2454 tenui
1005 2413 1171 2466 fragilis
1205 2413 1444 2466 deliquerat
1476 2413 1626 2461 Adam„

540 2485 632 2525 Hoc
666 2484 772 2525 deus
804 2485 968 2538 ingenti
1002 2485 1122 2526 diluit
1154 2485 1262 2525 111110
1296 2485 1421 2526 fame.

385 2565 429 2598 55
485 2555 560 2596 Ille
594 2556 691 2596 tetri
724 2556 890 2609 capitur
922 2556 1019 2597 ficto
1053 2557 1265 2610 serpentis
1300 2556 1353 2597 ab
1389 2562 1497 2607 astu,

541 2626 721 2676 Quando
754 2629 941 2681 bonique
974 2629 1074 2668 mali
1108 2628 1305 2682 praescia
1338 2640 1465 2681 poma
1496 2627 1618 2681 rapit.

478 2698 557 2739 Hic
589 2699 701 2739 victo
737 2699 917 2752 spolium
950 2705 995 2739 ut
1028 2712 1080 2739 ex
1112 2699 1235 2740 hoste
1265 2699 1446 2740 referret
1478 2699 1676 2752 opimum,

540 2769 684 2810 Ardua
719 2769 772 2811 de
806 2770 931 2811 simili
962 2770 1114 2811 fronde
1147 2771 1329 2824 trophea
1360 2770 1486 2811 locat.

453 2922 462 2942 ¹
493 2923 640 2957 (11131113.
