1919 3273
1490 110 1558 144 501

65 249 241 292 floribus
274 250 347 292 ubi
382 250 576 292 habitant
608 250 790 302 animae,
827 250 941 304 quod
973 265 1058 293 non
1089 258 1131 293 te
1164 252 1287 306 fugit,
1334 258 1433 295 ante
1466 253 1558 295 eius

66 321 330 375 sepulturam
374 321 590 363 transiens
636 334 689 362 ne
737 321 885 363 credat
928 335 979 363 eo
1023 323 1231 364 tumulato
1271 337 1323 364 ex
1354 325 1558 367 memoria

66 392 169 433 mihi
203 392 428 443 cecidisse,
463 392 652 445 digneris
687 405 819 446 saepe
853 393 1041 434 salutare
1073 393 1316 448 lachrymas
1339 395 1460 448 pueri
1481 408 1557 449 pro

64 469 187 517 patre
238 463 418 504 absente
466 462 740 505 consolando.
792 463 899 504 Vale
944 464 1191 506 melioribus
1235 465 1350 507 satis.
1404 466 1559 519 Rhegii

67 533 272 575 Subricis.

499 719 744 757 Dalmatae
779 721 888 757 Ant.
923 721 1104 758 Wranc.
1121 724 1130 744 1

219 829 343 879 Quod
376 843 453 871 vos
486 830 641 872 heroes
675 844 795 872 seros
829 831 1027 886 producit
1060 832 1114 873 ad
1148 846 1282 874 annos

274 900 399 950 Quod
431 908 626 942 numerat
659 908 827 944 vestras
864 902 1149 957 Oppolitanus
1182 917 1313 958 opes:

212 972 309 1013 Non
341 971 423 1014 hoc
455 985 540 1013 non
571 972 632 1013 illi
667 972 859 1014 debetis:
897 979 940 1014 at
971 974 1131 1028 inclyta
1164 974 1294 1016 debet

274 1043 514 1084 Posteritas
547 1049 689 1085 vestro
724 1057 809 1085 non
842 1045 1026 1086 caritura
1058 1046 1211 1087 animo.

624 1208 756 1252 Mieh.
800 1211 966 1253 Wranc.
988 1210 998 1232 ¹

351 1319 540 1360 Nasutos
573 1319 716 1373 fugias
748 1319 893 1360 libelle
927 1319 1101 1371 amicos,

348 1390 413 1431 Ne
446 1403 577 1431 nasos
611 1390 770 1431 subeas
802 1404 951 1444 parum
985 1390 1231 1432 absolutos:

350 1461 443 1503 Hoc
477 1467 543 1502 est
574 1474 656 1502 nec
679 1461 790 1503 bene
816 1461 1012 1503 sordidos
1035 1475 1115 1503 nec
1136 1468 1311 1503 unctos:

349 1532 539 1573 Nasutos
574 1532 717 1585 fugias
749 1532 894 1574 libelle
928 1532 1101 1574 amicos.

135 1740 369 1777 Dominici
396 1741 615 1777 Zavore1²
649 1741 704 1777 de
731 1742 866 1778 rebus
893 1740 1159 1778 dalmaticis
1177 1742 1190 1761 ³
1214 1741 1323 1777 libri
1351 1742 1486 1778 octo}

67 1849 310 1892 Admodum
341 1850 503 1892 illustri
543 1865 591 1891 ae
621 1850 970 1892 reverendissimo
1013 1850 1117 1892 DD.
1152 1850 1316 1892 Fausto
1357 1850 1556 1892 Verantz'o

68 1920 255 1975 episcopo
279 1921 609 1975 Chanadz'ensz'f
631 1936 777 1963 sacrae
799 1921 1030 1963 Caesareae
1049 1920 1294 1976 Reyiaeque
1315 1921 1557 1964 Maiestatis

148 1992 403 2046 consiliario,
439 1997 613 2048 coquam
648 1997 684 2035 et
717 1992 904 2035 Domino
936 2006 1023 2034 meo
1062 1991 1477 2034 Observantissimo.⁶

189 2100 292 2142 Cum
325 2101 486 2153 aliquot
531 2101 689 2142 abhinc
722 2101 846 2141 annis
878 2100 980 2141 mihi
1019 2099 1072 2141 ab
1106 2099 1188 2141 hac
1220 2105 1368 2141 nostra
1401 2099 1559 2141 sicensi

67 2167 197 2225 (igyl)
230 2171 333 2213 urbe
363 2178 536 2226 praeter
569 2185 708 2213 meam
741 2172 983 2226 opinionem
1016 2170 1186 2222 abesse,
1220 2183 1402 2223 meoque
1425 2171 1478 2212 ab
1505 2184 1558 2212 ea

66 2254 152 2283 non
185 2243 340 2296 exiguo
373 2243 646 2284 incommodo
680 2243 853 2284 exulare
878 2242 1132 2295 contigissit‚
1166 2248 1211 2282 ut
1233 2241 1331 2283 huic
1353 2242 1557 2284 intestino

67 2312 203 2354 dolori
249 2313 462 2355 medelam
508 2314 695 2367 aliquam
742 2314 951 2362 afferrem,
998 2312 1209 2354 variarum
1258 2313 1558 2366 hystioriarum

65 2383 241 2425 lectioni
273 2398 448 2439 operam
487 2398 647 2426 navare
682 2384 818 2438 coepi,
854 2397 880 2424 a
909 2396 992 2436 qua
1024 2396 1182 2437 magna
1228 2396 1279 2424 ex
1312 2389 1433 2437 parte
1466 2396 1559 2425 sum

185 2534 196 2554 ¹
224 2535 257 2569 A
276 2536 483 2570 k‘ovetkezii
510 2536 645 2569 munka
686 2534 954 2578 czimlapjanak
982 2532 1174 2578 versojan:
1217 2533 1317 2574 „Duo
1343 2534 1560 2579 Panegyrici

64 2593 210 2628 Ioannis
238 2594 445 2638 Oppolitani
474 2595 604 2629 Silesii.
633 2594 798 2628 Viennae
825 2593 995 2627 Austriae
1015 2593 1218 2627 excudebat
1243 2593 1395 2637 Egidjus
1413 2593 1557 2637 Aquila.

65 2652 174 2687 Anno
201 2654 244 2688 M.
263 2654 305 2688 D.
324 2654 363 2687 L.

186 2712 199 2731 ²
227 2711 314 2747 Cod.
342 2713 545 2747 Marcianus
573 2713 615 2747 cl.
634 2712 676 2746 X.
706 2713 786 2746 cod.
805 2712 877 2745 XL.
907 2722 1002 2746 saec.
1029 2711 1105 2745 XV.
1132 2711 1278 2746 bovebb
1304 2710 1454 2746 leirasat
1477 2711 1559 2745 lasd

65 2770 299 2805 Valentinelli
324 2772 625 2816 catalogusaban.
666 2771 694 2805 E
723 2772 838 2805 codex
863 2771 969 2805 hibas
1010 2770 1210 2805 olvasasait
1242 2780 1262 2804 a
1285 2770 1560 2815 Jegyzetekben

65 2828 224 2864 ko'zlo’m.

186 2889 198 2908 ³
225 2889 421 2924 dalmatici.
475 2890 487 2908 4
516 2893 607 2924 otto.
661 2889 673 2908 ⁵
702 2889 963 2924 Chariadiensi.
1015 2888 1027 2907 ⁶
1053 2888 1399 2923 observandissimo.
