1919 3273
105 423 147 456 15

102 1489 145 1522 30

102 2200 146 2233 40

103 2556 146 2588 45

1468 131 1536 164 403

204 272 291 313 Vos
324 285 493 325 quoque
526 273 731 326 Pymplee
764 273 887 314 violis
922 273 1122 315 decorate
1156 275 1297 328 puelle

262 342 491 397 Tempora,
524 356 622 384 nam
655 343 766 385 viole
800 356 878 397 per
909 344 1004 385 loca
1036 351 1181 386 vestra
1212 346 1362 387 virent.

203 414 288 454 Vos
313 427 479 466 quoque
502 413 828 465 Hamadriades,
848 414 1060 467 Dryades,
1082 416 1354 469 nympheque
1373 417 1537 470 Napee,

261 485 387 525 Ferte
420 485 551 536 iocos,
585 486 702 526 iuvat
734 485 816 526 hac
849 486 1013 527 lusibus
1046 487 1151 528 urbe
1185 488 1278 528 frui.

203 555 318 597 Urbe
352 562 580 597 coronatus
613 555 765 608 Regali
798 556 1051 609 splendidus
1088 558 1210 599 Alba.

261 627 354 667 Rex
385 626 478 677 fuit,
513 632 556 667 et
587 626 754 667 strinxit
787 640 911 668 sacra
945 641 1103 669 corona
1137 641 1295 681 comas,

201 696 415 750 Nysiades
447 702 652 739 renovate
684 710 820 750 rosas,
855 704 1025 750 gestate
1061 700 1231 740 sicanos

260 768 422 819 Flores,
458 774 499 809 et
531 768 713 821 placidis
746 768 861 809 festa
892 775 1048 810 novate
1082 770 1234 811 modis.

200 839 427 879 Heliadum
461 839 637 880 comites
670 844 859 880 moestos
891 840 1017 881 modo
1050 841 1196 894 ponite
1228 855 1360 894 rores,

260 910 313 950 Et
345 923 436 959 vos,
470 923 494 951 0
527 910 694 950 Phauni
727 910 933 951 blandula
966 912 1092 952 turba
1126 925 1267 954 sonos.

204 980 352 1034 Sylani
384 994 688 1033 nemorumque
723 981 855 1022 duces
888 982 1064 1023 Poeana
1098 990 1267 1024 movete

263 1052 507 1093 Succintum
542 1050 585 1105 (1)
619 1053 821 1106 pharetra
853 1066 935 1105 quo
968 1060 1095 1094 canat
1129 1059 1219 1095 arte
1251 1055 1382 1096 iocos.

201 1123 349 1165 Musae
381 1136 458 1165 vos
491 1123 665 1175 hedera,
700 1124 832 1175 lauro,
867 1124 1121 1177 myrthoque
1154 1125 1343 1166 virentes

260 1194 414 1235 Ducite
448 1194 672 1235 distinctas
704 1194 807 1235 flore
840 1195 1004 1236 virente
1038 1208 1194 1237 comas

201 1265 393 1319 Accipite
425 1266 468 1306 in
500 1266 652 1307 mediis
685 1271 959 1318 vestrumque
992 1267 1135 1307 locata
1170 1267 1337 1308 choreis

261 1337 406 1378 Turba
439 1336 591 1378 ducem
625 1337 746 1378 ducis
780 1343 822 1378 et
854 1337 1008 1378 nobilis
1041 1350 1114 1377 ora
1146 1337 1240 1377 mei.

201 1407 354 1448 Ludite
389 1421 482 1448 cum
515 1409 682 1462 plausu,
718 1408 909 1461 strepitu,
945 1408 1237 1459 concentibus,
1273 1415 1377 1459 arte7

260 1479 415 1520 Ducite
450 1480 708 1532 compositos
743 1481 857 1520 crine
892 1479 1072 1520 decente
1109 1479 1277 1520 choros.

200 1550 255 1591 Et
287 1550 397 1604 pede
431 1551 625 1591 tellurem
660 1551 756 1598 (1in
789 1551 957 1604 pulsate
992 1550 1220 1602 frequenti,

262 1621 428 1662 Sentiat
461 1627 505 1662 ut
537 1622 656 1662 lusus
690 1622 857 1663 concita
889 1627 1001 1662 terra
1033 1634 1181 1663 novos,

201 1693 400 1746 Aspirate
435 1692 520 1734 divi
553 1693 619 1734 cui
652 1693 725 1733 dat
757 1692 928 1733 fortuna
960 1691 1218 1745 triumphum

263 1763 569 1813 Pannonicum,
605 1777 728 1805 sacer
760 1769 825 1804 est
859 1769 900 1804 et
931 1763 1027 1803 loca
1059 1768 1204 1804 vestra
1236 1762 1348 1803 colit.

129 1846 143 1854 ⁷
203 1834 322 1875 State
357 1835 494 1886 simul,
527 1835 595 1876 fas
629 1841 695 1876 est
727 1841 877 1876 cantus
911 1834 1059 1874 audire
1094 1846 1275 1883 sorores,

262 1905 394 1946 Grata
426 1919 545 1947 mora
578 1911 644 1947 est
676 1911 817 1947 vestre
851 1905 971 1945 Musa
1004 1904 1162 1945 decora
1192 1904 1294 1957 lyre.

200 1977 287 2018 Iste
321 1977 418 2018 duci
440 1976 692 2018 tribuendus
714 1977 860 2027 honor,
896 1975 1156 2017 celebranda
1179 1974 1404 2027 triumphis

262 2047 421 2100 Gloria,
455 2048 622 2090 devicto
655 2049 774 2101 Rege
808 2047 1039 2100 triumphat
1073 2059 1219 2099 eques.

201 2119 399 2160 Presidet
429 2119 472 2159 in
506 2133 629 2160 curru
661 2119 837 2160 testanti
870 2118 1006 2172 prelia
1038 2117 1154 2158 facta

263 2190 472 2240 Quattuor
505 2196 546 2231 et
578 2191 746 2232 vehitur
777 2196 897 2230 veste
932 2188 1141 2242 superbus
1176 2186 1308 2240 equis.

202 2261 356 2313 Dicite,
391 2261 449 2302 dii
469 2268 654 2312 servent,
690 2261 869 2310 salvent,
891 2272 1123 2313 regemque
1147 2257 1399 2308 secundent,

260 2332 496 2373 Fortunent
528 2332 678 2373 melius
713 2331 765 2372 de
798 2331 908 2372 bene
943 2343 1112 2384 semper
1146 2341 1254 2370 eum.

202 2403 348 2444 Hostis
382 2409 423 2444 et
454 2403 617 2457 inpuris
651 2402 846 2443 manibus
880 2401 1146 2453 dominisque
1180 2400 1378 2453 malignis

261 2475 467 2528 Eripiant,
502 2479 698 2515 crescant
729 2473 911 2526 plurima
942 2485 1077 2524 regna
1110 2470 1203 2511 sibi.

203 2545 452 2587 Vuladislae
485 2558 578 2586 mee
613 2545 648 2585 si
681 2550 856 2585 cantant
888 2549 1033 2584 vestra
1066 2554 1233 2583 sorores

265 2615 411 2668 Gesta,
444 2616 543 2658 licet
576 2616 694 2657 vultu
726 2613 933 2655 nobiliore
967 2613 1098 2654 colas.
