1955 3278
360 146 427 179 174

360 291 602 344 quempiam
650 291 710 332 ita
755 305 931 332 exosum
980 291 1144 335 reddet.
1194 291 1549 345 quemadmodum
1596 293 1736 335 vinum
1783 294 1847 335 sui

358 369 586 402 amatores.
637 361 754 411 Quos
793 363 890 403 vino
925 370 1174 404 aestuantes
1209 376 1258 404 ac
1299 364 1591 405 caecutientes
1631 373 1845 418 tamquam

361 432 485 473 bruta
518 441 559 473 et
593 433 705 474 omni
749 433 913 474 ratione
959 435 1148 475 carentia
1188 434 1390 475 animalia
1433 447 1581 476 omnes
1613 448 1747 488 usque
1792 435 1846 476 ad

361 517 567 545 nauseam
601 505 794 546 oderunt..
831 504 962 545 Immo
986 518 1086 546 vero
1109 505 1222 558 quod
1255 506 1391 546 maius
1420 512 1499 556 est,
1533 519 1608 547 eos
1633 506 1759 547 etiam
1787 507 1847 548 illi

362 575 432 628 qui
465 576 740 616 temulentiae
775 575 909 617 dediti
942 585 1039 617 sunt
1073 577 1184 618 ferre
1212 590 1296 617 non
1320 583 1499 630 possunt
1531 590 1668 630 aequo
1692 578 1846 623 animo,

361 646 462 699 quin
497 646 609 699 quod
642 647 683 687 in
717 660 764 688 se
799 647 1126 701 deprehendere
1161 661 1242 689 non
1267 655 1447 702 possunt
1470 649 1512 689 in
1537 649 1599 690 eis
1632 656 1847 702 tamquam

361 724 550 758 monstra
583 717 799 759 damnent.
845 718 937 767 Quo
972 719 1083 760 circa
1116 719 1448 760 Lacedaemonii
1489 733 1659 773 semper
1690 720 1848 762 liberos

360 802 462 830 suos
510 790 712 843 parvulos
760 789 1001 831 huiusmodi
1047 791 1306 844 spectaculis
1356 791 1427 832 ubi
1479 790 1584 832 ebrii
1632 791 1847 845 quippiam

360 867 737 914 repraesentarent
768 862 980 901 interesse
1021 862 1257 903 voluerunt.
1307 861 1400 902 Non
1440 862 1609 914 quidem
1649 868 1848 904 verentes

361 944 414 971 ne
449 932 502 973 ab
537 945 589 973 ea
622 931 850 985 spectandi
882 932 1193 973 consuetudine
1227 933 1421 974 imitandi
1459 933 1676 974 licentiam
1710 947 1848 975 sume-

359 1009 467 1054 rent⁷
502 1010 573 1043 aut
608 1017 659 1043 ex
692 1004 1052 1057 contemplatione
1086 1003 1141 1044 ad
1175 1004 1311 1045 simile
1344 1004 1457 1045 vitae
1491 1018 1629 1058 genus
1651 1005 1848 1058 prolabe-

360 1080 518 1115 rentur.
554 1074 708 1115 Verum
742 1081 785 1114 ut
818 1074 960 1128 potius
993 1075 1298 1128 turpitudinem
1331 1089 1457 1127 quam
1486 1076 1528 1116 111
1562 1076 1688 1118 ebriis
1722 1076 1850 1117 vidis-

361 1152 457 1186 sent
491 1145 787 1198 abhorrentes,
834 1146 1000 1187 cautius
1034 1146 1189 1187 deinde
1229 1155 1446 1199 tamquam
1478 1161 1565 1188 rem
1607 1147 1773 1189 brutam
1807 1155 1848 1188 et

360 1216 693 1258 abominabilem
728 1217 920 1258 devitare
955 1224 996 1257 et
1028 1217 1179 1270 fugere
1202 1218 1444 1270 scivissent,
1480 1232 1574 1260 cum
1596 1219 1680 1260 iam
1704 1226 1848 1260 aetate

361 1287 519 1328 adultis
553 1289 594 1328 in
627 1294 813 1329 mentem
848 1289 1038 1330 venisset
1073 1289 1285 1330 ebriorum
1320 1290 1393 1330 illa
1425 1290 1644 1331 incondita
1679 1298 1722 1332 et
1755 1290 1850 1332 bru-

360 1359 459 1400 talis
492 1361 848 1413 repraesentatio.
900 1359 964 1402 Ob
1001 1360 1043 1401 id
1077 1361 1187 1401 enim
1222 1368 1263 1402 et
1298 1361 1420 1402 Plato
1467 1361 1596 1403 ebriis
1641 1375 1692 1403 ac
1729 1362 1850 1403 iratis

359 1432 611 1485 praecipere
647 1432 957 1484 cousulereque
1005 1432 1172 1473 solebat
1205 1440 1249 1472 ut
1281 1433 1323 1473 in
1358 1433 1534 1486 speculo
1574 1433 1714 1474 vultus
1749 1445 1850 1474 31103

360 1502 635 1556 inspicerent„
671 1510 712 1544 et
746 1503 831 1544 vitu
853 1503 1124 1544 deformitate
1146 1504 1249 1544 vitia
1272 1503 1482 1557 fugerent.
1516 1504 1568 1544 Et
1590 1504 1850 1546 Anacharsis

357 1573 431 1615 ille
466 1575 582 1615 solus
629 1574 884 1628 Scytharum
919 1575 1093 1629 sapiens
1131 1575 1433 1629 interrogatus,
1480 1588 1562 1628 quo
1595 1582 1722 1630 pacto
1756 1575 1850 1628 quis

361 1645 597 1687 abstemius
620 1646 755 1697 fieret,
785 1647 1039 1700 Respondit,
1065 1646 1109 1688 si
1133 1647 1407 1698 ebriosorum,
1436 1647 1584 1699 inquit.
1608 1652 1746 1688 motus
1770 1647 1851 1688 sibi

357 1723 459 1757 ante
494 1718 640 1759 oculos
664 1724 808 1771 ponat.
848 1718 915 1759 Fit
949 1718 1060 1758 enim
1095 1719 1241 1759 nescio
1266 1732 1348 1770 quo
1371 1724 1513 1771 pacto⁷
1540 1718 1678 1770 inquit
1701 1718 1849 1760 Cicero

360 1788 429 1829 110.
451 1789 476 1829 1.
498 1788 609 1830 offic.
633 1796 676 1829 ut
699 1790 837 1842 magis
860 1789 901 1830 111
921 1790 1017 1830 aliis
1039 1803 1262 1831 cernamus
1285 1803 1410 1842 quam
1428 1790 1471 1830 in
1490 1789 1614 1831 nobis
1636 1796 1721 1830 met
1744 1790 1849 1843 ipsis

361 1860 397 1900 si
416 1859 529 1912 quod
554 1860 826 1913 delinquitur.
846 1860 910 1901 Ita
931 1860 1117 1902 facilime
1136 1861 1402 1914 corriguntur
1423 1860 1724 1902 indiscentium
1747 1860 1849 1902 vitia

363 1944 538 1983 quorum
567 1932 784 1973 imitantur
809 1932 1002 1973 imitandi
1033 1945 1190 1973 caussa
1211 1932 1417 1985 magistri,
1443 1932 1524 1973 hoc
1553 1938 1617 1973 est
1645 1945 1740 1973 cum
1762 1944 1849 1972 ma-

361 2003 483 2055 gistri
522 2002 757 2057 discipulos
793 2003 1110 2057 reprehendere
1144 2003 1291 2044 volunt
1325 2015 1399 2043 eos
1432 2003 1661 2054 imitantur,
1701 2002 1849 2055 eisque

359 2074 463 2114 vitia
486 2074 671 2128 ipsorum
696 2081 1038 2128 repraesentant„
1068 2084 1112 2115 ut
1146 2074 1343 2128 discipuli
1369 2073 1556 2115 videndo
1587 2082 1849 2127 cognoscant

361 2158 487 2196 quam
511 2145 722 2186 dedeceat
742 2146 784 2186 in
807 2159 888 2198 quo
912 2146 1294 2199 reprehendantur.
1324 2145 1414 2186 Nec
1437 2151 1502 2186 est
1522 2145 1564 2186 111
1589 2159 1670 2198 quo
1695 2158 1849 2198 aquam

360 2222 562 2269 potantes
585 2223 803 2269 tamquam
826 2217 1010 2258 infames
1044 2217 1182 2257 notari
1202 2224 1393 2270 possent.
1429 2216 1725 2257 Temulentiae
1748 2227 1849 2258 vero

362 2287 521 2328 crimen
541 2288 576 2328 si
602 2289 785 2341 cuipiam
808 2289 935 2328 etiam
954 2289 1186 2329 temulento
1210 2288 1434 2329 obiiciatur
1458 2288 1600 2328 statim
1620 2287 1848 2335 erubescit,

361 2359 430 2399 vel
453 2372 504 2399 ex
526 2359 696 2400 nomine
722 2359 811 2400 solo
835 2373 1117 2413 cognoscens,
1147 2359 1260 2412 quod
1280 2360 1440 2400 nullum
1463 2359 1664 2413 probrum
1685 2359 1848 2412 turpius

359 2430 540 2471 inveniri
584 2437 727 2484 potest
772 2432 867 2485 ipsa
913 2431 1136 2472 ebrietate.
1192 2430 1315 2472 Unde
1362 2431 1552 2472 Achilles
1597 2430 1847 2471 Homericus

361 2501 466 2542 nihil
498 2502 660 2543 invenit
694 2516 776 2555 quo
799 2503 937 2556 magis
971 2502 1266 2556 proscinderet
1291 2510 1331 2543 et
1354 2503 1589 2543 lacesseret
1623 2502 1848 2554 Agamem-

361 2586 512 2614 nonem
550 2587 709 2627 regem,
745 2587 869 2626 quam
904 2581 948 2614 ut
983 2587 1077 2615 eum
1111 2573 1208 2614 vino
1253 2587 1448 2627 pressum
1494 2580 1535 2614 et
1572 2572 1848 2614 temulentum

361 2644 584 2698 apellaret.
632 2645 756 2686 Unde
791 2645 920 2686 etiam
954 2645 1134 2686 Monaca
1168 2644 1254 2685 divi
1287 2644 1514 2697 Augustini
1558 2650 1694 2684 mater
1725 2656 1846 2697 prae-

362 2714 496 2768 signis
542 2716 731 2768 alioquin
776 2722 970 2756 matrona
1014 2716 1056 2756 in
1091 2716 1204 2756 omni
1245 2716 1445 2756 virtutum
1491 2721 1532 2756 et
1570 2714 1848 2768 perfectionis

361 2799 520 2839 genere
555 2799 651 2828 cum
685 2787 739 2827 ab
774 2787 929 2827 ancilla
964 2800 1089 2828 serua
1123 2799 1199 2840 per
1231 2787 1552 2827 insultationem
1597 2785 1847 2826 amariorem

361 2857 627 2898 merobibula
649 2864 887 2909 vocaretur⁷
915 2864 1002 2898 tam
1024 2857 1195 2898 foedum
1221 2864 1261 2898 et
1284 2857 1622 2898 erubescendum
1655 2855 1699 2896 id
1721 2856 1848 2897 male-

361 2927 521 2969 dictum
556 2942 653 2969 esse
689 2928 883 2980 credidit.
919 2935 963 2969 ut
987 2942 1083 2970 mox
1108 2928 1328 2970 ebrietatis
1349 2928 1449 2969 vitio
1473 2936 1515 2969 et
1539 2927 1848 2969 consuetudine
