1898 3278
1522 162 1567 194 49

88 306 243 359 poterit
263 305 462 347 admirari
483 305 644 358 templa
666 304 997 353 aedificatorem,
1026 304 1224 346 aedificia
1246 310 1460 346 vetustate
1484 305 1567 346 col—

87 376 212 429 lapsa
230 376 571 426 instauratorem,
596 375 847 416 calamitosa
867 381 1099 428 paupertas
1122 376 1350 416 maximum
1373 382 1568 429 erogato-

88 459 190 498 rem,
211 447 427 488 literarum
445 446 586 487 studia
607 445 1025 499 indulgentissimum
1043 453 1277 500 parentem,
1298 447 1566 488 sacerdotum

89 517 272 570 collegia
304 516 525 570 profusum
552 515 756 567 datorem,
789 516 1005 557 hominum
1032 522 1133 557 vota
1158 517 1390 570 piissimum
1426 531 1568 559 serva-

88 594 223 628 torem
261 593 303 628 te
341 587 516 638 habent,
560 592 744 628 noscunt
782 593 824 628 et
862 587 1055 628 adorant.
1107 586 1333 639 Nunquam
1372 588 1568 629 virtutem

88 672 244 713 passus
279 671 325 699 es
359 656 563 712 extingui,
608 672 823 711 nunquam
856 658 968 699 viros
1014 658 1162 699 doctos
1196 665 1237 699 et
1281 658 1416 700 bonas
1455 666 1569 700 artes

88 729 345 771 mendicare.
394 729 460 770 Ad
493 734 535 769 te
568 729 912 782 praeclarissima
945 741 1140 780 quaeque
1182 729 1224 768 in
1262 729 1569 770 remotissimas

89 806 225 841 terras
269 799 445 853 ingenia
492 799 708 841 confluunt
752 805 954 851 tanquam
999 799 1054 840 ad
1098 799 1267 840 unicum
1316 800 1568 853 optimarum

90 870 241 911 artium
285 876 507 924 parentem
551 876 770 923 tutumque
815 869 1086 924 praesidium.
1138 870 1192 910 Et
1237 871 1477 923 quicunque
1524 884 1569 911 re

90 941 234 994 aliqua
277 941 470 996 impediti
518 948 796 991 remorantur7
854 941 1001 982 audita
1041 941 1340 995 profusissima
1389 941 1573 982 liberali-

90 1019 178 1053 tate
212 1017 254 1054 et
297 1012 585 1054 beneficentia
616 1018 702 1062 tua,
749 1018 865 1053 tuum
903 1026 1057 1053 nomen
1091 1012 1204 1053 domi
1249 1013 1390 1053 colere
1424 1019 1466 1053 et
1497 1013 1570 1053 ad-

91 1096 212 1125 orare
258 1090 479 1136 coguntur.
527 1084 659 1125 Dices
692 1083 747 1124 ad
780 1084 890 1124 haec
933 1083 1012 1124 has
1045 1083 1285 1125 mediocres
1323 1084 1365 1124 in
1398 1092 1439 1124 te
1474 1097 1570 1125 esse

90 1154 281 1205 virtutes,
316 1155 352 1195 si
384 1154 436 1196 de
471 1155 565 1195 aliis
597 1155 704 1195 ratio
738 1155 961 1196 habeatur.
1002 1155 1094 1208 Ego
1126 1167 1227 1196 vero
1255 1155 1452 1196 virtutem
1476 1168 1570 1196 eam

91 1225 356 1278 potissimam
378 1226 623 1279 reputarim,
654 1238 762 1278 quae
791 1225 871 1266 deo
901 1225 1075 1279 propius
1105 1225 1274 1267 accedit
1299 1225 1571 1278 divinamque

91 1295 347 1350 probitatem
380 1296 518 1349 magis
549 1297 748 1345 imitatur,
786 1309 896 1348 quae
930 1309 1023 1337 cum
1058 1297 1113 1337 sit
1143 1297 1241 1350 ipsa
1270 1296 1571 1345 beneficentia,

93 1379 201 1419 quae
235 1379 287 1407 ex
319 1367 449 1408 nimia
481 1367 693 1422 probitate
727 1374 964 1422 promanat,
998 1368 1080 1409 hac
1113 1381 1239 1420 quam
1273 1368 1455 1409 maxime
1488 1382 1572 1409 me-

91 1451 231 1479 remur
264 1437 402 1479 Deum
434 1437 525 1479 fieri
557 1439 779 1492 propiores
809 1470 815 1478 .
850 1473 857 1480 .
889 1472 896 1479 .
939 1438 1049 1488 Quid
1083 1439 1193 1479 enim
1226 1440 1441 1480 maiestati
1472 1446 1571 1480 tuae

92 1509 255 1561 gratius
287 1509 483 1551 accidere
516 1516 672 1563 potest,
707 1523 831 1562 quam
863 1510 898 1551 si
919 1510 982 1551 vir
1012 1510 1223 1563 quispiam
1256 1510 1572 1551 literatissimus

92 1579 305 1631 offeratur,
340 1586 413 1620 aut
446 1580 481 1621 si
512 1581 737 1634 praeclara
770 1593 901 1635 opera
934 1580 1186 1622 dedicentur
1200 1580 1221 1620 ἶ)
1264 1581 1399 1621 Ratae
1432 1581 1572 1622 nullas

90 1650 301 1703 imagines
334 1664 385 1692 ac
423 1657 698 1692 monumenta
729 1651 813 1692 illis
848 1664 946 1692 esse
979 1651 1256 1692 diuturniora.
1302 1652 1418 1693 Inest
1450 1666 1571 1706 prae-

91 1727 210 1762 terea
237 1722 314 1763 tibi
343 1728 463 1763 tanta
489 1723 642 1777 pietas,
670 1723 819 1775 religio
854 1729 895 1763 et
928 1722 1058 1763 divini
1091 1722 1316 1763 solicitudo
1350 1723 1501 1773 cultus,
1530 1729 1573 1763 ut

92 1791 205 1834 domi
239 1793 498 1846 militiaeque
542 1807 627 1835 non
661 1807 785 1835 secus
818 1808 869 1835 ac
902 1793 1147 1835 Alexander
1188 1793 1365 1834 dextera
1401 1795 1572 1835 sinistra

92 1863 261 1905 hastam
294 1864 423 1906 feras.
459 1864 799 1906 Gloriosissimus
833 1878 883 1905 ac
911 1864 1269 1906 clementissimus
1287 1865 1358 1905 ille
1382 1871 1574 1906 servator

92 1934 250 1985 mundi,
284 1949 339 1976 ne
371 1936 501 1976 talem
535 1935 705 1988 quidem
738 1935 974 1989 principem
1008 1942 1105 1989 post
1137 1941 1198 1976 tot
1231 1936 1377 1976 secula
1410 1936 1491 1976 nisi
1519 1935 1573 1976 ad

93 2004 361 2047 Christianae
384 2007 645 2060 reipublicae
670 2006 849 2047 salutem
872 2012 1133 2047 revocasset.
1160 2006 1207 2046 In
1230 2007 1338 2047 haec
1360 2012 1402 2047 te
1427 2007 1574 2047 secula

92 2076 291 2130 produxit
319 2077 551 2118 altissimus
576 2091 628 2118 ea
652 2077 821 2130 quidem
856 2078 1070 2131 sapientia
1092 2077 1332 2131 praeditum
1359 2084 1404 2118 ut
1427 2078 1573 2127 scires,

95 2161 146 2188 ea
178 2148 390 2201 probitate
424 2148 625 2190 refertum
658 2155 704 2189 ut
736 2149 885 2199 velles,
925 2162 978 2189 ea
1011 2148 1196 2201 denique
1239 2149 1410 2189 fortuna
1442 2149 1574 2189 muni-

92 2226 180 2259 tum
213 2225 257 2260 ut
289 2232 442 2273 posses
476 2226 518 2260 et
550 2220 658 2261 tueri
690 2219 816 2261 fidem
851 2219 1020 2269 Christi,
1055 2226 1097 2260 et
1129 2219 1182 2260 de
1206 2220 1392 2260 humano
1415 2233 1573 2273 genere

93 2289 203 2331 bene
236 2291 402 2331 mereri.
436 2290 566 2332 Dedit
599 2291 821 2332 consilium
854 2290 909 2331 ad
943 2290 1120 2343 egregia
1154 2304 1349 2343 quaeque
1382 2291 1575 2331 facinora

94 2367 346 2415 promptum,
374 2362 476 2402 item
504 2362 681 2403 consilio
708 2362 957 2403 industriam
990 2362 1300 2414 audaciamque
1330 2361 1501 2411 adiecit,
1530 2368 1574 2402 ut

94 2432 211 2472 nulla
242 2438 284 2473 te
317 2433 522 2486 pericula,
555 2433 673 2474 nulla
704 2432 976 2473 incommoda
1009 2433 1210 2486 corporis,
1243 2446 1352 2484 quae
1380 2440 1574 2473 caeteros

94 2504 296 2544 remorari
329 2510 370 2544 et
403 2517 429 2544 a
456 2503 656 2557 gerendis
686 2504 814 2545 rebus
847 2516 1050 2544 revocare
1075 2504 1226 2547 solent,
1259 2503 1459 2543 invictum
1488 2503 1574 2543 ani-

95 2587 205 2614 mum
240 2574 517 2625 deterrerent,
553 2575 711 2616 adiecit
743 2575 923 2629 pervigil
957 2574 1142 2615 studium
1177 2580 1219 2615 et
1246 2574 1511 2627 diligentiam
1535 2580 1576 2614 et

95 2645 242 2686 miram
275 2645 593 2687 festinationem
628 2659 721 2687 cum
756 2646 989 2695 celeritate,
1024 2651 1069 2685 ut
1096 2651 1249 2686 cuncta
1275 2645 1403 2685 facile
1428 2645 1574 2696 obeas,

96 2728 205 2768 quae
239 2722 312 2757 aut
345 2722 516 2758 strenuo
549 2717 679 2758 milite
713 2722 785 2757 aut
818 2729 980 2757 summo
1026 2715 1156 2769 digna
1190 2716 1273 2756 sint
1304 2716 1572 2769 imperatore.

95 2787 142 2827 In
176 2787 399 2829 subeundo
444 2788 591 2829 labore
624 2788 887 2829 incredibilis
928 2786 1168 2836 tolerantia,
1213 2787 1319 2827 mira
1351 2787 1391 2826 in
1436 2793 1575 2827 osten-

97 2857 249 2899 dendis
295 2859 453 2899 viribus
498 2858 714 2910 fortitudo,
758 2865 800 2900 et
832 2859 874 2899 in
909 2871 1076 2910 quoque
1111 2858 1287 2898 consilio
1328 2857 1576 2898 acutissima

100 2929 249 2969 uentis
294 2930 424 2981 acies,
470 2930 654 2984 propitia
699 2930 882 2982 denique
915 2929 1099 2979 fortuna,
1146 2941 1255 2980 quae
1288 2929 1348 2969 ita
1387 2928 1575 2969 consiliis

165 3019 190 3045 J.
213 3020 307 3046 Aen:
330 3021 490 3048 ANALECTA
510 3030 596 3046 NOVA.
1412 3010 1434 3040 4
