1919 3273
123 302 386 338 Ioaohimus
412 302 649 338 Vadianus
676 301 919 338 Helvetius
946 301 1088 338 Poeta
1116 312 1143 337 a
1170 301 1295 337 Caes,
1323 301 1559 337 laureatus

310 367 553 412 Rudolpho
581 365 832 412 Agricolae
859 365 1033 401 Iuniori
1057 366 1206 403 Rheto
1233 366 1271 402 S.
1298 366 1370 402 D.l

219 495 376 536 Grratae
410 495 638 536 admodum
664 495 774 535 istae
797 493 961 548 gratiae
982 493 1167 545 fuerunt,
1202 507 1309 546 quas
1334 494 1461 547 egisti
1483 495 1586 536 mihi

99 566 303 620 proximis
336 566 469 607 literis
502 566 586 606 tuis
618 565 844 619 Rudolphe
879 565 1148 616 amicissime,
1185 565 1297 618 quod
1330 566 1457 619 paulo
1494 565 1586 606 dili-

101 637 273 690 gentius
296 642 338 677 et
357 643 402 677 ut
426 636 607 677 amicum
631 636 815 678 decebat
839 636 962 676 enixe
987 636 1040 677 de
1062 642 1137 676 tua
1164 636 1409 677 valetudine
1434 636 1587 677 certior

100 720 198 748 esse
232 707 474 761 cupiissem.
509 707 601 760 Ego
636 713 863 761 postquam
895 720 1062 747 rumore
1096 707 1280 759 quodam
1313 706 1368 747 ad
1401 720 1468 747 me
1491 720 1586 760 per-

99 779 231 819 latum
255 784 358 827 erat,
392 784 434 819 te
458 791 553 818 cum
578 778 828 819 Craooviam
852 790 1054 830 egressus
1076 777 1367 830 Istrogranum
1390 778 1587 819 venisses

99 849 141 889 in
187 861 362 902 gravem
407 848 597 889 morbum
642 848 859 899 incidisse,
904 849 974 889 vix
1008 849 1152 889 dixero
1199 856 1399 901 quantum
1446 848 1586 889 animo

102 925 401 961 consternatus
435 919 600 970 fuerim,
646 933 744 960 nam
779 926 820 961 et
854 919 969 961 dolui
1000 919 1194 973 impense
1238 926 1280 959 et
1312 932 1387 972 pro
1420 926 1494 959 tua
1524 920 1587 960 in-

102 991 347 1031 columitate
396 990 490 1031 Diis
537 991 847 1031 immortalibus
896 997 995 1032 vota
1042 990 1299 1044 nuncupavi,
1349 990 1587 1042 eademque

100 1061 224 1102 lectis
268 1061 458 1114 proxime
507 1061 640 1102 literis
686 1062 769 1102 tuis
815 1062 993 1111 exsolui,
1041 1061 1153 1113 quod
1197 1062 1434 1102 leviuscula
1477 1062 1589 1103 febri

101 1145 351 1186 percussum
385 1146 437 1173 ex
469 1132 636 1186 integro
671 1133 941 1174 convaluisse
974 1132 1299 1185 intelligebam.
1325 1164 1332 1171 .
1359 1166 1366 1174 .

224 1237 232 1244 .
258 1236 266 1245 .
291 1236 298 1244 .
323 1203 429 1244 Vale
462 1203 588 1255 bene⁷
624 1209 666 1244 et
687 1203 953 1257 Stephanum
986 1203 1218 1243 Taurinum
1245 1203 1590 1245 iurisconsultum

104 1273 238 1314 virum
285 1275 486 1327 optimum
523 1281 565 1315 et
598 1274 902 1324 doctissimum,
950 1274 985 1314 si
1018 1273 1160 1314 adhuc
1203 1273 1437 1326 Istrograni
1476 1274 1591 1328 apud

106 1344 376 1386 Cardinalem
424 1350 611 1385 vestrum
660 1344 790 1397 degit„
839 1357 932 1385 meo
980 1345 1150 1385 nomine
1194 1344 1388 1398 impense
1435 1346 1591 1396 saluta⁷

103 1421 233 1468 utque
279 1415 439 1468 aliquid
487 1415 541 1456 ad
586 1430 652 1456 me
694 1416 913 1456 literarum
958 1415 1031 1455 det
1075 1415 1259 1467 hortare7
1302 1428 1355 1456 ex
1397 1429 1446 1456 eo
1481 1416 1591 1457 enim

104 1492 309 1540 tempore,
356 1500 438 1539 quo
484 1501 536 1528 ex
568 1487 673 1528 urbe
717 1487 853 1527 Roma
896 1499 1095 1527 reversus
1141 1486 1332 1527 Viennae
1378 1487 1491 1540 apud
1525 1501 1593 1528 me

105 1557 492 1610 Collimintiumque
547 1564 589 1598 et
642 1564 729 1598 tum
787 1556 968 1598 convivii
1025 1557 1158 1597 nostri
1218 1557 1593 1610 Symposiarcham

105 1628 307 1670 Iacobum
342 1628 519 1683 Spiegel
556 1628 895 1669 iureconsultum
930 1634 971 1668 et
1009 1628 1294 1668 Secretarium
1334 1628 1595 1669 Caesareum

104 1712 189 1740 una
222 1713 268 1740 56
312 1699 576 1741 iucunditate
620 1699 864 1750 oblectavit,
912 1699 1011 1751 quid
1057 1705 1159 1752 agat
1193 1706 1265 1739 aut
1299 1713 1383 1752 qua
1423 1700 1595 1740 fort-una

105 1766 183 1811 sua
216 1777 299 1812 stet
332 1770 518 1812 conditio
552 1784 631 1811 1160
664 1770 780 1811 fama
812 1784 892 1811 nec
924 1770 1059 1810 literis
1100 1770 1340 1823 intelligere
1373 1771 1504 1823 potui,
1548 1770 1592 1811 id

105 1841 218 1894 quod
261 1842 364 1882 mihi
409 1855 493 1883 non
537 1855 685 1895 parum
730 1842 772 1881 in
818 1841 1001 1881 hominis
1046 1841 1297 1894 praesertim
1337 1846 1423 1881 tam
1468 1841 1594 1882 amici

105 1912 318 1953 desiderio
351 1913 575 1953 molestiae
609 1912 744 1953 affert.
781 1912 826 1953 Si
857 1912 984 1953 isthic
1017 1925 1101 1952 non
1135 1917 1213 1962 est7
1248 1911 1349 1952 mihi
1382 1912 1591 1965 significa.

111 1983 211 2037 Vale
244 1983 410 2025 iterum.

226 2278 235 2297 ¹
263 2278 455 2322 Pomponii
470 2278 584 2313 Melae
600 2278 753 2321 Hispani
767 2278 848 2311 libri
869 2277 914 2311 (16
936 2276 1006 2311 51111
1025 2275 1123 2309 orbis
1142 2279 1226 2316 tres,
1249 2275 1403 2319 adjectis
1422 2275 1595 2309 Ioachimi

104 2337 260 2371 Vadiani
286 2338 443 2372 Helvetii
469 2339 505 2371 in
533 2338 683 2372 eosdem
711 2336 888 2371 Scholiis:
929 2335 1065 2369 Addita
1093 2344 1237 2377 quoque
1263 2334 1299 2367 111
1326 2333 1594 2378 Geographiam

107 2395 299 2431 Catechesi
326 2400 362 2431 et
386 2397 553 2440 Epistola
579 2397 732 2430 Vadiani
760 2396 804 2429 ad
830 2395 1041 2440 Agricolam
1069 2394 1166 2427 lectu
1193 2393 1304 2437 digna
1327 2421 1332 2427 .
1354 2421 1360 2427 .
1381 2420 1387 2426 .
1416 2392 1556 2437 (Vegen
1573 2392 1595 2437 1)

104 2456 309 2499 Impressus
337 2460 394 2491 est
418 2456 643 2500 Pomponius
666 2456 827 2490 Viennae
854 2454 1064 2487 Pannoniae
1091 2453 1270 2495 Expensis
1297 2453 1416 2486 Lucae
1441 2453 1595 2486 Alantse

107 2515 206 2550 Civis
245 2518 281 2549 et
305 2515 533 2559 Bibliopolae
573 2514 791 2549 Viennensis
830 2524 894 2557 per
919 2513 1091 2547 Ioannem
1130 2511 1359 2556 Singrenium
1395 2521 1437 2545 ex
1465 2511 1597 2555 Oeting

108 2574 304 2609 Baioariae.
332 2574 455 2608 Mense
482 2574 586 2615 Maio,
613 2573 711 2607 Anni
736 2573 780 2606 M.
797 2573 838 2606 D.
853 2572 980 2605 XVIII.
