1919 3273
295 131 363 164 382

295 299 366 341 Ad
388 300 568 341 eundem
592 298 736 340 divum
762 298 1062 340 Vuladz'slaum
1083 299 1242 353 Regem
1264 297 1472 353 inelytmn
1499 298 1784 354 invictissque

677 371 726 412 de
758 369 897 412 animi
930 369 1067 423 ipsius
1101 369 1411 425 maym'tudme.

442 489 688 542 Hungarice
721 489 863 542 gentis
897 489 1116 531 declamas
1149 496 1343 543 tempora
1376 495 1417 531 et
1451 496 1566 531 artes

502 560 666 614 Inclyte
699 561 804 611 Rex,
838 561 1016 601 multum
1050 561 1121 613 qui
1152 560 1246 601 fera
1279 560 1409 601 corda
1443 560 1605 603 domas.

443 632 663 673 Pannonis
697 645 772 673 ora
803 632 892 683 tibi,
926 632 1063 673 maius
1096 638 1220 685 parat
1252 631 1414 685 inclyta
1444 632 1594 684 Roma,

504 704 639 745 Terra
671 703 818 756 decus,
851 703 967 745 facto
1001 703 1162 757 gaudet
1194 709 1373 756 uterque
1407 703 1575 745 ducum.

368 785 388 817 5
445 775 596 817 Bethis
629 775 671 816 in
704 775 929 829 Hesperia,
963 774 1106 816 mixtis
1140 773 1371 816 Germania
1405 774 1540 816 Gallis

504 845 749 888 Perdomito
782 846 933 888 Rheno
966 846 1171 900 principis
1204 859 1324 887 arma
1354 846 1508 888 ferent.

445 917 583 959 Natus
616 917 817 959 Idumeos
849 917 1007 971 poterit
1040 922 1238 971 spectare
1271 917 1509 971 triumphos

506 990 610 1040 Rex7
647 988 934 1043 Capitolinum
967 1001 1147 1030 noscere
1182 994 1223 1029 et
1254 989 1349 1043 ipse
1382 989 1540 1031 Iovem.

300 1191 371 1233 Ad
399 1191 579 1233 eundem
611 1190 757 1232 divum
787 1190 1085 1232 Vuladz'slaum
1112 1189 1345 1245 Hunyarz‘e
1366 1195 1404 1232 et
1429 1189 1632 1232 Bohemie
1653 1205 1790 1246 reyem

536 1262 866 1318 maynam'mum
891 1266 1079 1316 paterna
1109 1261 1251 1304 indole
1282 1261 1556 1322 insiym'tum.

448 1381 634 1422 Maxima
666 1380 883 1422 Polonicis
915 1380 1059 1435 proles
1091 1380 1203 1421 bene
1236 1385 1340 1420 nata
1373 1379 1450 1421 sub
1485 1380 1571 1422 oris

509 1452 723 1507 Conspice
756 1452 1019 1507 magnanimi
1051 1451 1189 1505 Regia
1222 1457 1395 1506 sceptra
1425 1451 1573 1506 patris.

450 1523 682 1566 Submittet
713 1531 837 1579 pater
868 1524 1108 1565 auricomos
1140 1523 1232 1564 Rex
1265 1536 1421 1576 magne
1454 1522 1657 1576 Batavos,

508 1595 708 1637 Promisit
739 1596 901 1650 pariter
934 1601 1126 1636 sternere
1158 1594 1329 1646 Bactra,
1366 1593 1512 1636 Getas.

373 1680 393 1711 5
451 1668 515 1709 Tu
548 1667 674 1709 modo
707 1666 978 1721 palmiferum
1011 1666 1253 1720 precellens
1286 1666 1439 1707 robore
1471 1665 1645 1707 idumen

511 1739 641 1793 Coge,
675 1738 913 1793 pharetrati
943 1737 1074 1791 Regis
1109 1744 1150 1779 et
1183 1750 1301 1778 arma
1332 1737 1461 1778 feres.

449 1811 502 1851 Et
535 1817 609 1852 tua
640 1810 868 1863 laurigeris
900 1808 1101 1850 ostendet
1132 1809 1277 1863 palma
1310 1808 1526 1860 Bohemis‚

509 1882 614 1923 Inde
647 1880 982 1936 frequentabunt
1013 1881 1102 1921 alta
1133 1881 1317 1935 trophea
1348 1893 1493 1921 nurus.

302 2084 375 2124 Ad
394 2084 574 2125 eundem
598 2082 743 2124 divum
774 2081 1073 2124 Vuladislaum
1094 2080 1328 2136 Hunyarie
1349 2085 1387 2123 et
1410 2079 1611 2122 Bohemz'e
1631 2079 1790 2135 Reyem

303 2155 542 2197 maoez'mum
580 2155 629 2196 de
661 2153 847 2196 hostibus
878 2153 1029 2206 fractis
1058 2152 1262 2206 precipue
1300 2150 1607 2194 Maoeimiliano
1633 2155 1792 2205 pacata

921 2224 1173 2267 Pannonia.

454 2345 610 2387 Dulcia
641 2351 820 2399 pacator
850 2345 980 2398 longe
1014 2343 1092 2385 das
1126 2343 1221 2384 ocia
1253 2342 1388 2393 Bude7

512 2417 566 2457 Et
599 2415 764 2458 claudis
796 2415 936 2469 rigida
969 2415 1155 2456 candida
1187 2414 1348 2468 templa
1381 2426 1488 2455 sera.

455 2488 720 2530 Concurrunt
752 2486 876 2535 avide
910 2493 1063 2541 gentes
1097 2485 1249 2527 altaria
1282 2485 1476 2535 adorant,

513 2560 566 2601 Et
598 2559 710 2600 bene
742 2571 818 2613 pro
852 2559 962 2600 votis
996 2557 1109 2599 dona
1142 2557 1347 2611 opulenta
1378 2556 1535 2597 ferunt.

378 2645 397 2676 5
455 2631 650 2681 Quantus
682 2631 725 2671 in
759 2629 933 2671 Oceano
967 2629 1109 2670 fuerat
1142 2634 1379 2670 conventus
1400 2625 1444 2681 (Ι)
1477 2627 1533 2668 ad
1553 2640 1665 2679 aras,

517 2702 653 2752 Venit,
688 2707 730 2743 et
761 2701 919 2743 invicto
952 2714 1028 2754 pro
1063 2700 1171 2741 duce
1205 2699 1330 2740 turba
1361 2699 1468 2740 litat.

454 2776 520 2816 Tu
553 2774 695 2816 celsus
729 2772 836 2814 solio
869 2772 970 2813 dum
1002 2771 1133 2812 mittis
1165 2770 1345 2812 fulmina
1376 2770 1419 2810 in
1452 2769 1614 2820 hostes,

516 2846 597 2896 Qui
628 2844 780 2896 nescit,
814 2857 1016 2897 magnum
1048 2850 1090 2884 te
1122 2848 1245 2896 putat
1278 2855 1376 2883 esse
1408 2841 1565 2883 Iovem.
