1919 3273
278 118 350 153 506

278 263 332 305 de
366 263 522 318 Tybini
555 263 736 305 oratoris
768 262 907 312 dictis,
940 263 1057 304 utilis
1079 262 1325 316 legentibus
1357 276 1436 316 per
1456 276 1524 305 me
1556 263 1602 304 L.
1636 263 1690 305 de
1723 264 1770 306 Z.

277 335 320 375 in
365 334 674 376 festivitatibus
719 334 848 375 Nerei
895 340 937 375 et
979 333 1162 375 Achillei
1206 333 1422 374 Martirum
1469 333 1548 375 sub
1580 334 1771 376 Iohanne

278 405 445 455 Bacce0
474 406 527 448 de
550 403 894 460 Kyswardaf'pro
917 412 1018 448 tunc
1039 412 1207 448 rectore
1231 406 1349 447 scole
1366 406 1544 460 pathak.
1560 407 1771 448 existente

279 491 391 519 anno
427 484 615 529 emente,
650 478 773 519 Anno
807 477 967 519 domini
1002 476 1126 520 1490.

395 595 435 637 A
474 595 792 637 leeodolushoz
822 596 917 637 vaZo'
944 595 1297 637 introductidbcil:

397 691 521 734 Unde
554 691 701 732 titulus
724 691 847 732 istius
869 691 964 733 libri
989 697 1054 732 est
1083 691 1190 732 iste:
1224 691 1379 744 Incipit
1403 692 1560 745 egloga
1580 690 1773 733 theodoli

279 763 369 805 sive
414 762 612 804 theodori
660 768 733 803 aut
776 762 969 817 paradisi
1013 762 1127 804 unde
1176 762 1333 816 egloga
1379 762 1532 804 dicitur
1575 762 1629 804 ab
1675 762 1771 816 egle

279 833 391 888 quod
438 841 503 876 est
550 847 679 888 caper
724 840 765 875 et
797 834 921 887 logos
956 833 1069 886 quod
1103 839 1170 874 est
1203 847 1356 885 sermo,
1404 834 1526 887 quasi
1571 833 1772 888 caprinus

278 919 440 957 sermo,
489 911 576 947 tres
626 911 768 946 autem
819 911 916 945 sunt
956 912 1103 959 partes
1152 905 1404 958 eglogarum
1441 939 1449 946 .
1486 939 1493 946 .
1534 939 1541 945 .
1587 904 1772 958 quedam

279 977 474 1019 consistit
496 977 539 1018 in
564 977 721 1018 amaris
753 976 1108 1030 responsionibus
1143 982 1184 1016 et
1205 976 1449 1018 huiusmodi
1479 976 1638 1029 egloga
1669 988 1773 1016 usus

277 1048 357 1090 fuit
389 1049 557 1090 oracius
589 1048 632 1089 in
666 1047 934 1089 sermonibus
969 1048 1069 1088 suis.
1103 1047 1181 1088 Est
1214 1054 1356 1088 autem
1391 1047 1583 1089 secunda
1617 1047 1775 1102 egloga

277 1126 322 1161 ut
356 1105 411 1173 (ᾗ)
445 1120 569 1173 agnis
604 1116 658 1173 (⁶9)
691 1119 854 1160 inducit
886 1119 994 1160 viles
1027 1132 1186 1173 pernas
1218 1118 1261 1159 in
1290 1119 1496 1172 opusculo
1531 1132 1607 1160 suo
1642 1124 1685 1160 et
1718 1118 1772 1160 de

276 1192 382 1246 ipsis
427 1197 583 1232 tractat
627 1198 669 1232 et
701 1190 946 1231 huiusmodi
991 1190 1148 1243 egloga
1194 1203 1298 1231 usus
1331 1190 1412 1230 fuit
1444 1190 1686 1231 marcianus
1731 1195 1773 1232 et

277 1263 470 1317 virgilius
502 1263 545 1304 in
577 1263 770 1311 Buceace
805 1260 876 1316 (Ξ
906 1260 1151 1315 Bucolicis).
1190 1262 1267 1303 Est
1301 1269 1445 1302 autem
1476 1261 1582 1302 Za’a
1615 1262 1774 1316 egloga

279 1349 360 1388 que
393 1320 451 1376 iffi
497 1334 809 1376 inhumanitate
861 1334 1058 1375 consistit
1103 1339 1145 1374 et
1188 1333 1432 1374 huiusmodi
1475 1333 1633 1387 egloga
1669 1346 1774 1375 usus

277 1407 357 1448 fuit
391 1406 640 1448 Theodolus
672 1406 716 1446 in
746 1405 831 1446 hoc
864 1418 994 1459 opere
1023 1418 1113 1455 suo,
1153 1406 1276 1458 quasi
1308 1405 1461 1446 invitat
1494 1404 1549 1445 ad
1581 1404 1773 1445 humani-

277 1484 420 1519 tatem.
467 1477 591 1520 Unde
625 1477 874 1519 Theodolus
921 1490 1070 1518 servus
1105 1476 1176 1518 dei
1207 1477 1277 1518 vel
1322 1476 1473 1518 domus
1519 1476 1589 1518 dei
1620 1483 1773 1530 nupta-

278 1563 368 1590 rum
394 1547 449 1603 (52)
471 1549 707 1591 theodorus
740 1548 893 1590 videns
917 1548 1059 1590 deum.

399 1621 432 1662 A
467 1620 817 1662 commentarban
850 1620 954 1673 adja
983 1633 1009 1660 a
1032 1620 1282 1661 szoszerinti
1315 1619 1606 1671 constructiot,
1641 1632 1774 1674 egyes

280 1692 383 1733 szOk
417 1694 760 1746 magyarazasat,
796 1691 1135 1746 etymologiajat,
1180 1691 1370 1732 mondak
1409 1691 1694 1733 elbeszeleset
1726 1692 1774 1732 es

281 1764 545 1817 allegorikus
577 1763 953 1818 interpretatiojat.

401 1834 545 1889 G'or'og
591 1835 974 1888 etymologizalasa
1018 1847 1067 1875 az
1101 1835 1230 1887 egesz
1270 1833 1466 1875 codexen
1508 1834 1639 1888 vegig
1678 1833 1774 1875 bor-

279 1908 438 1949 zaszto.
484 1906 521 1948 A
553 1906 830 1960 mythosokat
866 1906 964 1959 eleg
992 1905 1058 1959 jol
1090 1905 1268 1959 mondja
1301 1906 1353 1947 el.

281 2139 336 2175 In
361 2139 558 2175 mortem
595 2137 729 2174 Pauli
754 2136 971 2173 Istvanfii
1004 2136 1232 2184 singulari
1270 2135 1448 2183 pietate
1483 2146 1536 2172 ao
1565 2135 1777 2172 doctrina.

423 2203 515 2239 viri
539 2203 817 2250 Epioedium
844 2202 1059 2238 Gabriele
1087 2201 1407 2248 Zentgewrgio
1436 2202 1632 2238 autore.1

433 2354 441 2362 .
468 2357 475 2364 .
500 2355 506 2361 .
532 2321 624 2371 Quo
660 2321 724 2362 sol
756 2320 822 2362 bis
857 2333 986 2361 senos
1021 2319 1136 2361 orbis
1171 2325 1421 2361 convertere
1455 2331 1604 2360 cursus

490 2393 664 2434 Assolet
698 2398 740 2433 et
774 2398 973 2445 caeptum
1008 2403 1185 2445 carpere
1218 2402 1365 2431 rursus
1397 2390 1491 2441 iter,

432 2465 525 2506 Hoc
559 2463 706 2518 spacio
740 2462 948 2504 Istwanfii
980 2462 1192 2503 Patavina
1225 2461 1377 2502 dicitur
1409 2461 1514 2502 urbe

490 2536 715 2589 Ingenium
749 2534 901 2576 studiis
936 2534 1177 2575 excoluisse
1210 2533 1348 2585 bonis,

407 2664 660 2708 „Epitaphium
688 2663 887 2698 Clarissimi
912 2663 987 2697 Viri
1013 2663 1211 2698 Nobilitate
1239 2662 1401 2701 Generis,
1429 2663 1570 2697 Virtute
1589 2665 1626 2697 et
1650 2661 1778 2696 Erudi-

284 2724 383 2758 tione
410 2724 663 2768 praestantiss.
690 2723 834 2758 Demini
859 2723 962 2757 Pauli
1000 2722 1181 2757 Istvanffii
1207 2732 1227 2756 a
1254 2722 1329 2767 Kys
1357 2732 1472 2756 azzon
1497 2722 1618 2764 ffalva,
1645 2720 1778 2755 Sacrae

285 2783 423 2827 Regiae
450 2783 652 2818 Maiestatis
682 2781 886 2817 Consiliarii
925 2782 1106 2826 Scriptum
1145 2792 1165 2816 a
1190 2781 1387 2816 Francisco
1413 2781 1575 2816 Thenke.
1616 2780 1779 2815 Viennae

288 2842 460 2877 Austriae
488 2842 693 2877 excutiebat
711 2841 865 2876 Michael
883 2842 1190 2876 Zimmermanius.
1217 2841 1325 2875 Anno
1351 2842 1395 2875 M.
1413 2840 1454 2874 D.
1469 2840 1581 2876 LIH.“
1608 2838 1779 2885 Negyed·

285 2899 424 2936 retben.
