1898 3278
267 126 312 160 60

267 270 557 311 munificentia
601 283 687 311 non
732 270 990 313 mediocrem
1035 272 1130 313 aliis
1176 272 1485 315 beatitudinem
1534 274 1750 328 elargitur.

267 340 553 382 Serenitatem
586 347 701 382 tuam
736 342 891 384 excolit
925 349 966 384 et
997 342 1098 384 beat
1131 357 1216 384 non
1250 343 1385 384 solum
1418 344 1751 398 completissima

266 412 391 453 turba
424 412 638 463 virtutum,
685 413 762 454 sed
796 414 985 468 corporis
1018 415 1155 456 forma
1199 428 1293 455 cum
1331 415 1494 468 ingenti
1525 421 1751 457 venustate

266 483 506 532 coniuncta,
541 483 684 525 divina
712 485 926 537 quaedam
959 486 1170 527 serenitas
1194 486 1335 527 vultus
1359 492 1401 527 et
1423 486 1617 527 hilaritas
1649 483 1751 539 (cla-

264 553 384 606 ritas)
424 555 467 594 111
500 554 620 596 0111113
653 562 930 610 conspectum
971 570 1094 597 nemo
1127 556 1257 607 venit,
1304 557 1374 609 qui
1407 570 1490 598 non
1529 563 1601 598 aut
1633 571 1751 599 reve-

263 626 402 667 rentia
420 626 550 666 nimia
568 626 868 678 confundatur,
893 634 966 668 aut
987 641 1083 669 mox
1104 640 1260 669 serena
1282 628 1504 669 alacritate
1521 634 1750 671 recreetur.

261 697 370 737 Nam
391 697 427 737 si
444 710 470 737 a
490 697 718 750 prudentia
742 704 933 739 sumatur
951 695 1215 751 (summatur)
1233 698 1410 750 initium,
1430 712 1540 752 quae
1564 700 1750 741 omnium

264 768 465 809 virtutum
504 768 763 809 moderatrix
797 776 838 809 et
871 769 1078 822 magistra
1112 782 1209 810 esse
1245 776 1458 821 censetur,
1499 769 1600 823 quid
1633 771 1751 824 inge-

264 839 333 879 nio
363 846 434 880 tuo
466 838 704 891 sagacius?
739 839 839 891 quid
872 839 1202 894 perspicacius?
1235 840 1335 893 quid
1370 840 1751 895 circumspectius?

264 910 366 963 quid
399 910 633 951 consultius
665 910 942 952 invenietur?
976 910 1090 963 quod
1121 911 1304 952 virorum
1338 925 1446 965 pace
1474 911 1663 964 dixerim,
1697 926 1751 955 110

263 982 373 1022 inter
417 994 491 1022 eos
538 981 706 1033 quidem
752 982 932 1022 alterum
977 982 1132 1036 poterit
1175 982 1370 1034 inveniri,
1428 983 1587 1037 quippe
1632 984 1751 1025 cuius

263 1058 384 1093 tanta
415 1052 584 1093 videtur
617 1065 714 1093 esse
749 1052 996 1103 dexteritas,
1031 1059 1076 1094 ut
1109 1066 1162 1094 ex
1194 1059 1385 1107 tempore
1420 1067 1589 1108 semper
1620 1055 1752 1096 veluti

264 1137 315 1164 ex
360 1123 554 1177 proxima
599 1122 771 1163 officina
817 1129 972 1164 cuncta
1017 1124 1336 1178 sapientissime
1382 1124 1496 1166 dicta
1540 1138 1591 1167 ac
1634 1125 1751 1167 facta

263 1194 579 1248 depromantur.
628 1194 850 1235 Dictorum
896 1195 1064 1248 argutia
1102 1195 1297 1236 homines
1331 1195 1576 1249 obstringis.
1625 1195 1751 1238 Leni-

262 1272 393 1307 tatem
417 1279 493 1319 pro
516 1265 611 1306 loco
636 1266 844 1319 praefers,
869 1279 990 1319 spem
1015 1266 1221 1317 ostendis,
1255 1267 1418 1320 gratias
1442 1280 1517 1321 pro
1541 1267 1751 1320 dignitate

262 1336 505 1390 impartiris,
541 1337 814 1378 severitatem
849 1351 924 1391 pro
958 1344 1149 1391 tempore
1182 1337 1337 1387 induis,
1380 1346 1618 1391 cunctaque
1654 1353 1750 1393 pru-

263 1407 513 1449 dentissime
556 1409 748 1462 operaris
794 1415 836 1449 et
881 1409 1010 1459 dicis,
1056 1409 1267 1463 prospicis
1312 1409 1456 1450 futura
1500 1417 1541 1450 et
1578 1410 1753 1451 incauta

262 1493 478 1532 nunquam
511 1480 728 1530 inveniris,
763 1480 830 1521 cui
862 1485 1104 1534 promptum
1138 1481 1360 1522 consilium
1394 1494 1565 1535 semper
1594 1487 1635 1522 et
1658 1495 1751 1535 per-

262 1564 389 1603 quam
423 1551 623 1592 salutare.
669 1551 941 1593 Abominaris
973 1552 1259 1593 inconsultum
1296 1552 1482 1604 verbum,
1521 1566 1750 1607 praeceps-

262 1635 344 1674 que
378 1623 615 1673 consilium,
651 1622 764 1675 quod
797 1637 896 1664 mox
927 1623 1194 1677 poenitentia
1215 1622 1487 1677 (penitentia)
1516 1624 1750 1677 subsequa-

262 1693 387 1734 batur
419 1692 753 1748 (subsequatur).
800 1694 847 1735 In
881 1694 1164 1736 consultando
1199 1708 1368 1749 semper
1411 1694 1616 1749 imprimis
1649 1695 1750 1749 quid

261 1778 445 1817 aequum
492 1766 546 1806 sit
579 1772 620 1806 et
654 1771 849 1807 sanctum
881 1765 1092 1816 intendis,
1141 1765 1240 1818 quin
1275 1773 1316 1807 et
1349 1766 1524 1807 numina
1562 1767 1750 1808 consulis

262 1849 433 1890 semper
477 1837 722 1889 aequitatis.
776 1837 841 1877 Ex
887 1850 969 1889 quo
1012 1836 1071 1887 fit,
1118 1843 1163 1877 ut
1205 1850 1345 1890 neque
1392 1837 1564 1889 dictum,
1610 1851 1749 1891 neque

260 1907 420 1948 factum
455 1907 508 1948 de
543 1908 778 1949 serenitate
811 1914 884 1948 tua
916 1908 1053 1962 possit
1086 1908 1280 1962 intelligi,
1314 1908 1396 1949 nisi
1417 1908 1531 1961 quod
1552 1909 1596 1950 in
1618 1923 1750 1950 anna-

260 1979 325 2020 les
357 1978 510 2020 referri
533 1979 703 2020 debeat.
737 1979 785 2019 In
810 1978 1091 2033 disponendis
1115 1986 1256 2020 autem
1277 1979 1406 2020 rebus
1431 1985 1472 2020 et
1492 1980 1536 2020 in
1558 1980 1750 2034 regendo

260 2063 394 2103 regno
440 2056 559 2090 tanta
605 2050 822 2104 sapientia
865 2051 997 2091 uteris
1031 2057 1073 2092 et
1106 2050 1342 2104 diligentia,
1388 2057 1433 2091 ut
1466 2051 1522 2092 ad
1558 2051 1750 2093 Salutem

260 2122 450 2175 gentium
486 2128 528 2162 et
560 2121 916 2175 gubernationem
950 2129 1053 2162 nata
1076 2122 1263 2163 videare.
1300 2121 1607 2163 Gravissimam
1628 2123 1751 2176 regni

261 2194 417 2234 molem
452 2207 545 2234 cum
576 2193 858 2235 invictissimo
891 2194 981 2234 viro
1014 2193 1174 2247 pariter
1206 2193 1416 2244 subivisti,
1450 2193 1521 2246 qui
1554 2207 1648 2235 011111
1684 2207 1750 2235 33-

260 2265 450 2318 pientiae
483 2271 584 2306 tuae
618 2264 887 2305 altitudinem
910 2265 992 2305 iam
1017 2264 1088 2305 (liu
1110 2264 1309 2306 habuerit
1343 2264 1621 2318 exploratam,
1644 2270 1686 2306 et
1708 2265 1751 2305 in

261 2335 527 2389 gravissimis
547 2336 650 2377 belli
669 2336 781 2377 curis
800 2349 972 2389 semper
990 2341 1235 2389 occupetur,
1255 2335 1484 2377 commissa
1500 2336 1577 2377 tibi
1599 2336 1753 2389 guber-

261 2406 434 2447 natione
467 2407 508 2447 in
543 2406 635 2447 dies
667 2407 835 2460 imperii
867 2406 974 2447 fines
998 2405 1244 2460 amplificat,
1280 2405 1650 2460 amplificatosque
1676 2406 1751 2448 tibi

260 2478 476 2531 regendos
508 2478 882 2531 instituendosque
915 2478 1128 2530 relinquit.
1171 2478 1448 2532 Expugnavit
1478 2491 1555 2518 rex
1586 2478 1657 2518 ille
1690 2478 1751 2518 in-

260 2549 520 2590 victissimus
543 2550 725 2590 Vianam
746 2550 861 2601 (sicl)
884 2549 1082 2591 Austriae
1106 2550 1376 2603 metropolim
1400 2555 1443 2590 et
1464 2549 1628 2590 Rhetos
1651 2549 1749 2590 Vin-

261 2620 511 2673 delicosque
544 2634 655 2675 pene
689 2628 803 2662 totus
838 2621 1077 2675 occupavit,
1114 2627 1155 2662 te
1189 2626 1333 2662 autem
1366 2620 1530 2661 Vianae
1563 2613 1758 2673 reliquit,

262 2693 555 2745 subactaeque
587 2692 834 2746 provinciae
869 2706 1012 2734 curam
1037 2692 1449 2746 dispositionemque
1477 2691 1647 2733 dimisit.
1681 2691 1750 2732 In-

262 2776 391 2817 super
434 2764 669 2805 bellantem
715 2777 848 2817 saepe
893 2777 1039 2817 regem
1084 2764 1127 2804 in
1173 2763 1490 2817 expeditionem
1540 2763 1747 2815 sequeris,

262 2840 490 2886 castraque
538 2834 697 2888 duplici
745 2832 968 2888 (dupplici)
1018 2834 1148 2875 ductu
1192 2834 1482 2888 auspiciisque
1530 2839 1746 2887 reguntur.

263 2904 404 2958 Saepe
439 2905 595 2946 educta
628 2906 735 2956 acie,
770 2919 864 2946 cum
897 2911 963 2946 est
997 2918 1091 2946 cum
1123 2905 1247 2947 hoste
1281 2903 1551 2946 conserenda
1582 2916 1748 2955 manus,
