<?xml version="1.0" encoding="UTF-8"?>
<!DOCTYPE html PUBLIC "-//W3C//DTD XHTML 1.0 Transitional//EN"
    "http://www.w3.org/TR/xhtml1/DTD/xhtml1-transitional.dtd">
<html xmlns="http://www.w3.org/1999/xhtml" xml:lang="en" lang="en">
 <head>
  <title>
</title>
<meta http-equiv="Content-Type" content="text/html;charset=utf-8" />
  <meta name='ocr-system' content='tesseract 3.04.00' />
  <meta name='ocr-capabilities' content='ocr_page ocr_carea ocr_par ocr_line ocrx_word'/>
</head>
<body>
  <div class='ocr_page' id='page_1' title='image "analectanovaadhi00beuoft_0069.png"; bbox 0 0 1898 3278; ppageno 0'>
   <div class='ocr_carea' id='block_1_1' title="bbox 1569 164 1612 197">
    <p class='ocr_par' dir='ltr' id='par_1_1' title="bbox 1569 164 1612 197">
     <span class='ocr_line' id='line_1_1' title="bbox 1569 164 1612 197; baseline 0 0"><span class='ocrx_word' id='word_1_1' title='bbox 1569 164 1612 197; x_wconf 83' lang='lat'>53</span> 
     </span>
    </p>
   </div>
   <div class='ocr_carea' id='block_1_2' title="bbox 127 306 1612 2987">
    <p class='ocr_par' dir='ltr' id='par_1_2' title="bbox 127 306 1612 2987">
     <span class='ocr_line' id='line_1_2' title="bbox 132 306 1612 359; baseline -0.001 -9"><span class='ocrx_word' id='word_1_2' title='bbox 132 309 335 359; x_wconf 86' lang='lat' dir='ltr'>nistrarit,</span> <span class='ocrx_word' id='word_1_3' title='bbox 368 314 488 349; x_wconf 87' lang='lat' dir='ltr'>tanta</span> <span class='ocrx_word' id='word_1_4' title='bbox 520 308 682 348; x_wconf 88' lang='lat' dir='ltr'>iustitia</span> <span class='ocrx_word' id='word_1_5' title='bbox 715 308 890 348; x_wconf 85' lang='lat' dir='ltr'>crimina</span> <span class='ocrx_word' id='word_1_6' title='bbox 917 307 1164 357; x_wconf 86' lang='lat' dir='ltr'>coercuerit,</span> <span class='ocrx_word' id='word_1_7' title='bbox 1188 314 1307 348; x_wconf 86' lang='lat' dir='ltr'>tanta</span> <span class='ocrx_word' id='word_1_8' title='bbox 1337 306 1548 348; x_wconf 89' lang='lat' dir='ltr'>beneficia</span> <span class='ocrx_word' id='word_1_9' title='bbox 1571 314 1612 348; x_wconf 91' lang='lat' dir='ltr'>et</span> 
     </span>
     <span class='ocr_line' id='line_1_3' title="bbox 133 376 1612 432; baseline -0.003 -11"><span class='ocrx_word' id='word_1_10' title='bbox 133 379 398 432; x_wconf 80' lang='lat' dir='ltr'>benignitate</span> <span class='ocrx_word' id='word_1_11' title='bbox 428 378 613 419; x_wconf 91' lang='lat' dir='ltr'>omnium</span> <span class='ocrx_word' id='word_1_12' title='bbox 645 378 859 419; x_wconf 86' lang='lat' dir='ltr'>hominum</span> <span class='ocrx_word' id='word_1_13' title='bbox 893 378 1072 431; x_wconf 81' lang='lat' dir='ltr'>gratiam</span> <span class='ocrx_word' id='word_1_14' title='bbox 1102 376 1416 431; x_wconf 73' lang='lat' dir='ltr'>promeruerit‘.&gt;</span> <span class='ocrx_word' id='word_1_15' title='bbox 1448 377 1612 431; x_wconf 80' lang='lat' dir='ltr'>Nempe</span> 
     </span>
     <span class='ocr_line' id='line_1_4' title="bbox 132 448 1611 492; baseline -0.002 -1"><span class='ocrx_word' id='word_1_16' title='bbox 132 450 356 492; x_wconf 87' lang='lat' dir='ltr'>neminem.</span> <span class='ocrx_word' id='word_1_17' title='bbox 400 450 493 490; x_wconf 82' lang='lat' dir='ltr'>Non</span> <span class='ocrx_word' id='word_1_18' title='bbox 528 449 639 490; x_wconf 89' lang='lat' dir='ltr'>enim</span> <span class='ocrx_word' id='word_1_19' title='bbox 673 455 717 489; x_wconf 89' lang='lat' dir='ltr'>ut</span> <span class='ocrx_word' id='word_1_20' title='bbox 748 449 887 491; x_wconf 82' lang='lat' dir='ltr'>Julius</span> <span class='ocrx_word' id='word_1_21' title='bbox 921 448 1082 489; x_wconf 85' lang='lat' dir='ltr'>Caesar</span> <span class='ocrx_word' id='word_1_22' title='bbox 1114 461 1245 488; x_wconf 88' lang='lat' dir='ltr'>aurea</span> <span class='ocrx_word' id='word_1_23' title='bbox 1278 448 1453 489; x_wconf 88' lang='lat' dir='ltr'>deorum</span> <span class='ocrx_word' id='word_1_24' title='bbox 1486 448 1611 489; x_wconf 89' lang='lat' dir='ltr'>simu-</span> 
     </span>
     <span class='ocr_line' id='line_1_5' title="bbox 132 518 1612 573; baseline -0.001 -12"><span class='ocrx_word' id='word_1_25' title='bbox 132 521 279 562; x_wconf 89' lang='lat' dir='ltr'>lachra</span> <span class='ocrx_word' id='word_1_26' title='bbox 313 520 540 561; x_wconf 84' lang='lat' dir='ltr'>conflanda</span> <span class='ocrx_word' id='word_1_27' title='bbox 572 519 744 571; x_wconf 83' lang='lat' dir='ltr'>duxisti,</span> <span class='ocrx_word' id='word_1_28' title='bbox 790 532 928 571; x_wconf 90' lang='lat' dir='ltr'>neque</span> <span class='ocrx_word' id='word_1_29' title='bbox 962 533 1037 572; x_wconf 88' lang='lat' dir='ltr'>pro</span> <span class='ocrx_word' id='word_1_30' title='bbox 1070 519 1136 559; x_wconf 89' lang='lat' dir='ltr'>his</span> <span class='ocrx_word' id='word_1_31' title='bbox 1182 518 1422 559; x_wconf 83' lang='lat' dir='ltr'>adulterina</span> <span class='ocrx_word' id='word_1_32' title='bbox 1455 532 1612 573; x_wconf 91' lang='lat' dir='ltr'>suppo-</span> 
     </span>
     <span class='ocr_line' id='line_1_6' title="bbox 133 588 1612 641; baseline -0.001 -9"><span class='ocrx_word' id='word_1_33' title='bbox 133 592 278 641; x_wconf 86' lang='lat' dir='ltr'>suisti;</span> <span class='ocrx_word' id='word_1_34' title='bbox 314 604 396 631; x_wconf 88' lang='lat' dir='ltr'>non</span> <span class='ocrx_word' id='word_1_35' title='bbox 430 604 483 631; x_wconf 80' lang='lat' dir='ltr'>ex</span> <span class='ocrx_word' id='word_1_36' title='bbox 514 590 708 631; x_wconf 90' lang='lat' dir='ltr'>instituto</span> <span class='ocrx_word' id='word_1_37' title='bbox 743 588 968 631; x_wconf 81' lang='lat' dir='ltr'>Octaviani</span> <span class='ocrx_word' id='word_1_38' title='bbox 999 589 1158 630; x_wconf 87' lang='lat' dir='ltr'>lassivo</span> <span class='ocrx_word' id='word_1_39' title='bbox 1181 589 1480 631; x_wconf 76' lang='lat' dir='ltr'>dodecatheon</span> <span class='ocrx_word' id='word_1_40' title='bbox 1514 603 1612 631; x_wconf 89' lang='lat' dir='ltr'>con—</span> 
     </span>
     <span class='ocr_line' id='line_1_7' title="bbox 132 659 1612 714; baseline -0.002 -10"><span class='ocrx_word' id='word_1_41' title='bbox 132 662 243 704; x_wconf 80' lang='lat' dir='ltr'>vivio</span> <span class='ocrx_word' id='word_1_42' title='bbox 289 668 328 702; x_wconf 89' lang='lat' dir='ltr'>te</span> <span class='ocrx_word' id='word_1_43' title='bbox 373 660 647 702; x_wconf 88' lang='lat' dir='ltr'>molliendum</span> <span class='ocrx_word' id='word_1_44' title='bbox 693 673 790 702; x_wconf 90' lang='lat' dir='ltr'>esse</span> <span class='ocrx_word' id='word_1_45' title='bbox 836 660 1058 710; x_wconf 82' lang='lat' dir='ltr'>censuisti,</span> <span class='ocrx_word' id='word_1_46' title='bbox 1109 659 1278 712; x_wconf 90' lang='lat' dir='ltr'>quando</span> <span class='ocrx_word' id='word_1_47' title='bbox 1323 659 1428 700; x_wconf 89' lang='lat' dir='ltr'>nihil</span> <span class='ocrx_word' id='word_1_48' title='bbox 1474 660 1612 714; x_wconf 87' lang='lat' dir='ltr'>magis</span> 
     </span>
     <span class='ocr_line' id='line_1_8' title="bbox 132 730 1611 785; baseline -0.001 -12"><span class='ocrx_word' id='word_1_49' title='bbox 132 733 295 785; x_wconf 90' lang='lat' dir='ltr'>regium</span> <span class='ocrx_word' id='word_1_50' title='bbox 328 732 584 773; x_wconf 80' lang='lat' dir='ltr'>existimasti</span> <span class='ocrx_word' id='word_1_51' title='bbox 617 745 741 783; x_wconf 90' lang='lat' dir='ltr'>quam</span> <span class='ocrx_word' id='word_1_52' title='bbox 775 731 902 772; x_wconf 90' lang='lat' dir='ltr'>nullis</span> <span class='ocrx_word' id='word_1_53' title='bbox 936 731 1094 772; x_wconf 87' lang='lat' dir='ltr'>servire</span> <span class='ocrx_word' id='word_1_54' title='bbox 1127 730 1430 784; x_wconf 80' lang='lat' dir='ltr'>voluptatibus,</span> <span class='ocrx_word' id='word_1_55' title='bbox 1466 730 1543 771; x_wconf 89' lang='lat' dir='ltr'>sed</span> <span class='ocrx_word' id='word_1_56' title='bbox 1569 731 1611 771; x_wconf 91' lang='lat' dir='ltr'>in</span> 
     </span>
     <span class='ocr_line' id='line_1_9' title="bbox 131 801 1610 856; baseline -0.001 -12"><span class='ocrx_word' id='word_1_57' title='bbox 131 803 346 844; x_wconf 88' lang='lat' dir='ltr'>laboriosa</span> <span class='ocrx_word' id='word_1_58' title='bbox 392 816 562 856; x_wconf 78' lang='lat' dir='ltr'>semper</span> <span class='ocrx_word' id='word_1_59' title='bbox 592 802 746 843; x_wconf 85' lang='lat' dir='ltr'>virtute</span> <span class='ocrx_word' id='word_1_60' title='bbox 779 802 954 843; x_wconf 82' lang='lat' dir='ltr'>versari.</span> <span class='ocrx_word' id='word_1_61' title='bbox 1004 802 1153 854; x_wconf 80' lang='lat' dir='ltr'>Neque</span> <span class='ocrx_word' id='word_1_62' title='bbox 1186 801 1394 855; x_wconf 84' lang='lat' dir='ltr'>nephario</span> <span class='ocrx_word' id='word_1_63' title='bbox 1434 802 1610 852; x_wconf 90' lang='lat' dir='ltr'>scelere,</span> 
     </span>
     <span class='ocr_line' id='line_1_10' title="bbox 131 871 1611 927; baseline -0.002 -12"><span class='ocrx_word' id='word_1_64' title='bbox 131 874 406 927; x_wconf 81' lang='lat' dir='ltr'>profanisque</span> <span class='ocrx_word' id='word_1_65' title='bbox 436 873 615 921; x_wconf 72' lang='lat' dir='ltr'>insidiis,</span> <span class='ocrx_word' id='word_1_66' title='bbox 648 880 692 913; x_wconf 89' lang='lat' dir='ltr'>ut</span> <span class='ocrx_word' id='word_1_67' title='bbox 724 873 798 923; x_wconf 90' lang='lat' dir='ltr'>illi,</span> <span class='ocrx_word' id='word_1_68' title='bbox 833 872 1127 926; x_wconf 87' lang='lat' dir='ltr'>occupandum</span> <span class='ocrx_word' id='word_1_69' title='bbox 1160 873 1353 926; x_wconf 81' lang='lat' dir='ltr'>Regnum</span> <span class='ocrx_word' id='word_1_70' title='bbox 1387 885 1483 913; x_wconf 89' lang='lat' dir='ltr'>esse</span> <span class='ocrx_word' id='word_1_71' title='bbox 1506 871 1611 913; x_wconf 88' lang='lat' dir='ltr'>iudi-</span> 
     </span>
     <span class='ocr_line' id='line_1_11' title="bbox 130 942 1610 996; baseline -0.001 -11"><span class='ocrx_word' id='word_1_72' title='bbox 130 945 251 996; x_wconf 83' lang='lat' dir='ltr'>casti,</span> <span class='ocrx_word' id='word_1_73' title='bbox 299 944 375 985; x_wconf 89' lang='lat' dir='ltr'>sed</span> <span class='ocrx_word' id='word_1_74' title='bbox 420 944 639 985; x_wconf 86' lang='lat' dir='ltr'>intellecta</span> <span class='ocrx_word' id='word_1_75' title='bbox 684 944 754 984; x_wconf 91' lang='lat' dir='ltr'>dei</span> <span class='ocrx_word' id='word_1_76' title='bbox 796 944 1042 989; x_wconf 76' lang='lat' dir='ltr'>vocatione,</span> <span class='ocrx_word' id='word_1_77' title='bbox 1089 957 1173 995; x_wconf 88' lang='lat' dir='ltr'>qua</span> <span class='ocrx_word' id='word_1_78' title='bbox 1217 943 1273 984; x_wconf 88' lang='lat' dir='ltr'>ad</span> <span class='ocrx_word' id='word_1_79' title='bbox 1316 942 1610 996; x_wconf 91' lang='lat' dir='ltr'>imeprandum</span> 
     </span>
     <span class='ocr_line' id='line_1_12' title="bbox 130 1013 1611 1067; baseline -0.004 -10"><span class='ocrx_word' id='word_1_80' title='bbox 130 1016 358 1066; x_wconf 81' lang='lat' dir='ltr'>acciverat,</span> <span class='ocrx_word' id='word_1_81' title='bbox 392 1015 577 1056; x_wconf 86' lang='lat' dir='ltr'>nondum</span> <span class='ocrx_word' id='word_1_82' title='bbox 612 1021 806 1067; x_wconf 88' lang='lat' dir='ltr'>quartum</span> <span class='ocrx_word' id='word_1_83' title='bbox 840 1014 1050 1056; x_wconf 89' lang='lat' dir='ltr'>decimum</span> <span class='ocrx_word' id='word_1_84' title='bbox 1083 1020 1236 1055; x_wconf 82' lang='lat' dir='ltr'>nactus</span> <span class='ocrx_word' id='word_1_85' title='bbox 1269 1027 1439 1064; x_wconf 87' lang='lat' dir='ltr'>annum,</span> <span class='ocrx_word' id='word_1_86' title='bbox 1469 1013 1611 1055; x_wconf 77' lang='lat' dir='ltr'>divino</span> 
     </span>
     <span class='ocr_line' id='line_1_13' title="bbox 130 1083 1611 1140; baseline -0.002 -13"><span class='ocrx_word' id='word_1_87' title='bbox 130 1087 249 1127; x_wconf 85' lang='lat' dir='ltr'>iussu</span> <span class='ocrx_word' id='word_1_88' title='bbox 293 1086 481 1128; x_wconf 88' lang='lat' dir='ltr'>oblatum</span> <span class='ocrx_word' id='word_1_89' title='bbox 526 1086 649 1139; x_wconf 85' lang='lat' dir='ltr'>regni</span> <span class='ocrx_word' id='word_1_90' title='bbox 693 1092 908 1140; x_wconf 74' lang='lat' dir='ltr'>sceptrum</span> <span class='ocrx_word' id='word_1_91' title='bbox 941 1085 1161 1138; x_wconf 73' lang='lat' dir='ltr'>accepisti,</span> <span class='ocrx_word' id='word_1_92' title='bbox 1208 1098 1331 1137; x_wconf 92' lang='lat' dir='ltr'>quem</span> <span class='ocrx_word' id='word_1_93' title='bbox 1366 1092 1410 1125; x_wconf 89' lang='lat' dir='ltr'>ut</span> <span class='ocrx_word' id='word_1_94' title='bbox 1442 1083 1611 1125; x_wconf 88' lang='lat' dir='ltr'>fortuna</span> 
     </span>
     <span class='ocr_line' id='line_1_14' title="bbox 130 1156 1611 1211; baseline -0.001 -13"><span class='ocrx_word' id='word_1_95' title='bbox 130 1158 330 1211; x_wconf 86' lang='lat' dir='ltr'>gentibus</span> <span class='ocrx_word' id='word_1_96' title='bbox 364 1157 665 1211; x_wconf 78' lang='lat' dir='ltr'>spectatiorem</span> <span class='ocrx_word' id='word_1_97' title='bbox 700 1157 893 1198; x_wconf 85' lang='lat' dir='ltr'>efficeret</span> <span class='ocrx_word' id='word_1_98' title='bbox 926 1170 972 1197; x_wconf 90' lang='lat' dir='ltr'>se</span> <span class='ocrx_word' id='word_1_99' title='bbox 1001 1156 1077 1197; x_wconf 88' lang='lat' dir='ltr'>tibi</span> <span class='ocrx_word' id='word_1_100' title='bbox 1100 1170 1123 1196; x_wconf 85' lang='lat' dir='ltr'>a</span> <span class='ocrx_word' id='word_1_101' title='bbox 1144 1156 1351 1210; x_wconf 89' lang='lat' dir='ltr'>principio</span> <span class='ocrx_word' id='word_1_102' title='bbox 1386 1169 1611 1197; x_wconf 79' lang='lat' dir='ltr'>novercam</span> 
     </span>
     <span class='ocr_line' id='line_1_15' title="bbox 129 1227 1611 1282; baseline -0.001 -13"><span class='ocrx_word' id='word_1_103' title='bbox 129 1228 342 1282; x_wconf 87' lang='lat' dir='ltr'>praetulit,</span> <span class='ocrx_word' id='word_1_104' title='bbox 377 1241 458 1280; x_wconf 84' lang='lat' dir='ltr'>quo</span> <span class='ocrx_word' id='word_1_105' title='bbox 491 1242 589 1269; x_wconf 77' lang='lat' dir='ltr'>mox</span> <span class='ocrx_word' id='word_1_106' title='bbox 623 1227 855 1269; x_wconf 90' lang='lat' dir='ltr'>officiorum</span> <span class='ocrx_word' id='word_1_107' title='bbox 888 1228 1032 1269; x_wconf 85' lang='lat' dir='ltr'>virtuti</span> <span class='ocrx_word' id='word_1_108' title='bbox 1053 1235 1152 1268; x_wconf 89' lang='lat' dir='ltr'>tuae</span> <span class='ocrx_word' id='word_1_109' title='bbox 1176 1227 1428 1280; x_wconf 83' lang='lat' dir='ltr'>obsequium</span> <span class='ocrx_word' id='word_1_110' title='bbox 1449 1241 1494 1268; x_wconf 90' lang='lat' dir='ltr'>se</span> <span class='ocrx_word' id='word_1_111' title='bbox 1518 1240 1611 1281; x_wconf 89' lang='lat' dir='ltr'>per-</span> 
     </span>
     <span class='ocr_line' id='line_1_16' title="bbox 129 1296 1611 1353; baseline -0.001 -13"><span class='ocrx_word' id='word_1_112' title='bbox 129 1306 259 1353; x_wconf 88' lang='lat' dir='ltr'>petuo</span> <span class='ocrx_word' id='word_1_113' title='bbox 292 1300 594 1352; x_wconf 87' lang='lat' dir='ltr'>praestituram</span> <span class='ocrx_word' id='word_1_114' title='bbox 621 1312 718 1340; x_wconf 88' lang='lat' dir='ltr'>esse</span> <span class='ocrx_word' id='word_1_115' title='bbox 742 1299 1026 1351; x_wconf 81' lang='lat' dir='ltr'>intelligebat.</span> <span class='ocrx_word' id='word_1_116' title='bbox 1061 1298 1154 1339; x_wconf 79' lang='lat' dir='ltr'>Non</span> <span class='ocrx_word' id='word_1_117' title='bbox 1189 1298 1334 1351; x_wconf 72' lang='lat' dir='ltr'>Syllae</span> <span class='ocrx_word' id='word_1_118' title='bbox 1355 1296 1468 1351; x_wconf 84' lang='lat' dir='ltr'>(sic!)</span> <span class='ocrx_word' id='word_1_119' title='bbox 1495 1312 1611 1339; x_wconf 91' lang='lat' dir='ltr'>more</span> 
     </span>
     <span class='ocr_line' id='line_1_17' title="bbox 130 1369 1611 1422; baseline -0.001 -11"><span class='ocrx_word' id='word_1_120' title='bbox 130 1370 364 1411; x_wconf 81' lang='lat' dir='ltr'>concivium</span> <span class='ocrx_word' id='word_1_121' title='bbox 383 1371 496 1412; x_wconf 85' lang='lat' dir='ltr'>bona</span> <span class='ocrx_word' id='word_1_122' title='bbox 515 1370 594 1411; x_wconf 88' lang='lat' dir='ltr'>sub</span> <span class='ocrx_word' id='word_1_123' title='bbox 612 1370 739 1411; x_wconf 86' lang='lat' dir='ltr'>hasta</span> <span class='ocrx_word' id='word_1_124' title='bbox 756 1370 991 1419; x_wconf 80' lang='lat' dir='ltr'>collocasti,</span> <span class='ocrx_word' id='word_1_125' title='bbox 1013 1383 1151 1422; x_wconf 89' lang='lat' dir='ltr'>neque</span> <span class='ocrx_word' id='word_1_126' title='bbox 1170 1369 1236 1410; x_wconf 88' lang='lat' dir='ltr'>his</span> <span class='ocrx_word' id='word_1_127' title='bbox 1260 1370 1331 1421; x_wconf 88' lang='lat' dir='ltr'>qui</span> <span class='ocrx_word' id='word_1_128' title='bbox 1347 1369 1611 1410; x_wconf 90' lang='lat' dir='ltr'>inimicorum</span> 
     </span>
     <span class='ocr_line' id='line_1_18' title="bbox 129 1441 1611 1495; baseline -0.001 -12"><span class='ocrx_word' id='word_1_129' title='bbox 129 1442 272 1495; x_wconf 84' lang='lat' dir='ltr'>capita</span> <span class='ocrx_word' id='word_1_130' title='bbox 294 1441 502 1482; x_wconf 83' lang='lat' dir='ltr'>referrent-</span> <span class='ocrx_word' id='word_1_131' title='bbox 521 1441 712 1494; x_wconf 82' lang='lat' dir='ltr'>praemia</span> <span class='ocrx_word' id='word_1_132' title='bbox 734 1441 1009 1494; x_wconf 81' lang='lat' dir='ltr'>proposuisti,</span> <span class='ocrx_word' id='word_1_133' title='bbox 1030 1454 1177 1481; x_wconf 89' lang='lat' dir='ltr'>verum</span> <span class='ocrx_word' id='word_1_134' title='bbox 1198 1441 1241 1481; x_wconf 90' lang='lat' dir='ltr'>in</span> <span class='ocrx_word' id='word_1_135' title='bbox 1265 1441 1442 1481; x_wconf 89' lang='lat' dir='ltr'>sicarios</span> <span class='ocrx_word' id='word_1_136' title='bbox 1460 1453 1611 1481; x_wconf 86' lang='lat' dir='ltr'>severa</span> 
     </span>
     <span class='ocr_line' id='line_1_19' title="bbox 129 1511 1610 1566; baseline -0.001 -13"><span class='ocrx_word' id='word_1_137' title='bbox 129 1512 434 1566; x_wconf 88' lang='lat' dir='ltr'>perduellionis</span> <span class='ocrx_word' id='word_1_138' title='bbox 454 1512 551 1565; x_wconf 85' lang='lat' dir='ltr'>lege</span> <span class='ocrx_word' id='word_1_139' title='bbox 574 1511 1000 1553; x_wconf 85' lang='lat' dir='ltr'>animadvertendum</span> <span class='ocrx_word' id='word_1_140' title='bbox 1025 1524 1195 1565; x_wconf 90' lang='lat' dir='ltr'>semper</span> <span class='ocrx_word' id='word_1_141' title='bbox 1214 1524 1311 1552; x_wconf 89' lang='lat' dir='ltr'>esse</span> <span class='ocrx_word' id='word_1_142' title='bbox 1330 1511 1501 1551; x_wconf 77' lang='lat' dir='ltr'>duxisti.</span> <span class='ocrx_word' id='word_1_143' title='bbox 1526 1511 1563 1551; x_wconf 91' lang='lat' dir='ltr'>N</span> <span class='ocrx_word' id='word_1_144' title='bbox 1568 1526 1610 1552; x_wconf 87' lang='lat' dir='ltr'>e-</span> 
     </span>
     <span class='ocr_line' id='line_1_20' title="bbox 129 1582 1610 1635; baseline 0.001 -13"><span class='ocrx_word' id='word_1_145' title='bbox 129 1596 210 1635; x_wconf 86' lang='lat' dir='ltr'>que</span> <span class='ocrx_word' id='word_1_146' title='bbox 241 1582 475 1624; x_wconf 82' lang='lat' dir='ltr'>Marianam</span> <span class='ocrx_word' id='word_1_147' title='bbox 505 1583 688 1635; x_wconf 89' lang='lat' dir='ltr'>denique</span> <span class='ocrx_word' id='word_1_148' title='bbox 720 1582 1013 1624; x_wconf 84' lang='lat' dir='ltr'>crudelitatem</span> <span class='ocrx_word' id='word_1_149' title='bbox 1044 1582 1353 1624; x_wconf 83' lang='lat' dir='ltr'>commendasti</span> <span class='ocrx_word' id='word_1_150' title='bbox 1376 1588 1418 1623; x_wconf 91' lang='lat' dir='ltr'>at</span> <span class='ocrx_word' id='word_1_151' title='bbox 1440 1582 1610 1635; x_wconf 86' lang='lat' dir='ltr'>religio-</span> 
     </span>
     <span class='ocr_line' id='line_1_21' title="bbox 127 1653 1611 1707; baseline 0 -13"><span class='ocrx_word' id='word_1_152' title='bbox 127 1667 224 1694; x_wconf 89' lang='lat' dir='ltr'>nem</span> <span class='ocrx_word' id='word_1_153' title='bbox 257 1659 298 1694; x_wconf 90' lang='lat' dir='ltr'>et</span> <span class='ocrx_word' id='word_1_154' title='bbox 331 1654 726 1707; x_wconf 81' lang='lat' dir='ltr'>magnanimitatem</span> <span class='ocrx_word' id='word_1_155' title='bbox 761 1653 987 1707; x_wconf 73' lang='lat' dir='ltr'>Scipionis,</span> <span class='ocrx_word' id='word_1_156' title='bbox 1023 1654 1197 1695; x_wconf 78' lang='lat' dir='ltr'>Catonis</span> <span class='ocrx_word' id='word_1_157' title='bbox 1231 1653 1533 1706; x_wconf 83' lang='lat' dir='ltr'>integritatem,</span> <span class='ocrx_word' id='word_1_158' title='bbox 1570 1660 1611 1694; x_wconf 90' lang='lat' dir='ltr'>et</span> 
     </span>
     <span class='ocr_line' id='line_1_22' title="bbox 128 1724 1611 1778; baseline 0.001 -14"><span class='ocrx_word' id='word_1_159' title='bbox 128 1724 380 1778; x_wconf 83' lang='lat' dir='ltr'>gravitatem</span> <span class='ocrx_word' id='word_1_160' title='bbox 396 1725 531 1775; x_wconf 84' lang='lat' dir='ltr'>Fabii,</span> <span class='ocrx_word' id='word_1_161' title='bbox 547 1724 962 1777; x_wconf 87' lang='lat' dir='ltr'>beneficentiamque</span> <span class='ocrx_word' id='word_1_162' title='bbox 978 1725 1162 1766; x_wconf 81' lang='lat' dir='ltr'>Luctatii</span> <span class='ocrx_word' id='word_1_163' title='bbox 1178 1724 1407 1775; x_wconf 80' lang='lat' dir='ltr'>Saturnini,</span> <span class='ocrx_word' id='word_1_164' title='bbox 1420 1725 1490 1777; x_wconf 94' lang='lat' dir='ltr'>qui</span> <span class='ocrx_word' id='word_1_165' title='bbox 1506 1725 1611 1765; x_wconf 87' lang='lat' dir='ltr'>nihil</span> 
     </span>
     <span class='ocr_line' id='line_1_23' title="bbox 127 1795 1611 1849; baseline 0 -13"><span class='ocrx_word' id='word_1_166' title='bbox 127 1795 208 1837; x_wconf 87' lang='lat' dir='ltr'>sibi</span> <span class='ocrx_word' id='word_1_167' title='bbox 225 1802 396 1849; x_wconf 87' lang='lat' dir='ltr'>praeter</span> <span class='ocrx_word' id='word_1_168' title='bbox 413 1796 579 1837; x_wconf 88' lang='lat' dir='ltr'>coelum</span> <span class='ocrx_word' id='word_1_169' title='bbox 600 1802 641 1837; x_wconf 89' lang='lat' dir='ltr'>et</span> <span class='ocrx_word' id='word_1_170' title='bbox 665 1809 816 1837; x_wconf 91' lang='lat' dir='ltr'>cenum</span> <span class='ocrx_word' id='word_1_171' title='bbox 841 1796 1087 1837; x_wconf 87' lang='lat' dir='ltr'>donandum</span> <span class='ocrx_word' id='word_1_172' title='bbox 1110 1796 1359 1848; x_wconf 73' lang='lat' dir='ltr'>reliquerat,</span> <span class='ocrx_word' id='word_1_173' title='bbox 1386 1802 1611 1849; x_wconf 87' lang='lat' dir='ltr'>praeterea</span> 
     </span>
     <span class='ocr_line' id='line_1_24' title="bbox 127 1866 1610 1920; baseline 0 -13"><span class='ocrx_word' id='word_1_174' title='bbox 127 1866 417 1908; x_wconf 88' lang='lat' dir='ltr'>fortitudinem</span> <span class='ocrx_word' id='word_1_175' title='bbox 439 1867 597 1908; x_wconf 88' lang='lat' dir='ltr'>Valerii</span> <span class='ocrx_word' id='word_1_176' title='bbox 620 1867 803 1914; x_wconf 81' lang='lat' dir='ltr'>Corvini,</span> <span class='ocrx_word' id='word_1_177' title='bbox 833 1867 1088 1920; x_wconf 88' lang='lat' dir='ltr'>congentilis</span> <span class='ocrx_word' id='word_1_178' title='bbox 1112 1867 1184 1919; x_wconf 80' lang='lat' dir='ltr'>tui,</span> <span class='ocrx_word' id='word_1_179' title='bbox 1209 1867 1369 1907; x_wconf 89' lang='lat' dir='ltr'>Metelli</span> <span class='ocrx_word' id='word_1_180' title='bbox 1391 1867 1610 1920; x_wconf 87' lang='lat' dir='ltr'>pietatem,</span> 
     </span>
     <span class='ocr_line' id='line_1_25' title="bbox 127 1937 1611 1992; baseline 0.001 -13"><span class='ocrx_word' id='word_1_181' title='bbox 127 1937 381 1992; x_wconf 85' lang='lat' dir='ltr'>probitatem</span> <span class='ocrx_word' id='word_1_182' title='bbox 416 1938 631 1987; x_wconf 81' lang='lat' dir='ltr'>Antonini,</span> <span class='ocrx_word' id='word_1_183' title='bbox 666 1938 796 1980; x_wconf 88' lang='lat' dir='ltr'>Marci</span> <span class='ocrx_word' id='word_1_184' title='bbox 830 1939 1084 1992; x_wconf 83' lang='lat' dir='ltr'>sapientam,</span> <span class='ocrx_word' id='word_1_185' title='bbox 1119 1938 1475 1990; x_wconf 87' lang='lat' dir='ltr'>clementiamque</span> <span class='ocrx_word' id='word_1_186' title='bbox 1506 1938 1611 1980; x_wconf 84' lang='lat' dir='ltr'>Cae-</span> 
     </span>
     <span class='ocr_line' id='line_1_26' title="bbox 129 2009 1611 2063; baseline -0.001 -13"><span class='ocrx_word' id='word_1_187' title='bbox 129 2010 237 2050; x_wconf 88' lang='lat' dir='ltr'>saris</span> <span class='ocrx_word' id='word_1_188' title='bbox 281 2015 323 2050; x_wconf 90' lang='lat' dir='ltr'>te</span> <span class='ocrx_word' id='word_1_189' title='bbox 368 2022 453 2051; x_wconf 89' lang='lat' dir='ltr'>non</span> <span class='ocrx_word' id='word_1_190' title='bbox 498 2010 632 2051; x_wconf 87' lang='lat' dir='ltr'>solum</span> <span class='ocrx_word' id='word_1_191' title='bbox 679 2010 886 2062; x_wconf 89' lang='lat' dir='ltr'>quottidie</span> <span class='ocrx_word' id='word_1_192' title='bbox 926 2009 1132 2051; x_wconf 88' lang='lat' dir='ltr'>aemulari</span> <span class='ocrx_word' id='word_1_193' title='bbox 1164 2022 1311 2050; x_wconf 85' lang='lat' dir='ltr'>verum</span> <span class='ocrx_word' id='word_1_194' title='bbox 1344 2015 1385 2049; x_wconf 90' lang='lat' dir='ltr'>et</span> <span class='ocrx_word' id='word_1_195' title='bbox 1418 2009 1611 2063; x_wconf 88' lang='lat' dir='ltr'>superari</span> 
     </span>
     <span class='ocr_line' id='line_1_27' title="bbox 128 2080 1610 2135; baseline 0 -14"><span class='ocrx_word' id='word_1_196' title='bbox 128 2081 437 2134; x_wconf 86' lang='lat' dir='ltr'>conspicamur.</span> <span class='ocrx_word' id='word_1_197' title='bbox 473 2081 524 2121; x_wconf 84' lang='lat' dir='ltr'>Et</span> <span class='ocrx_word' id='word_1_198' title='bbox 546 2081 657 2122; x_wconf 89' lang='lat' dir='ltr'>inter</span> <span class='ocrx_word' id='word_1_199' title='bbox 680 2081 1014 2135; x_wconf 88' lang='lat' dir='ltr'>conspicandum</span> <span class='ocrx_word' id='word_1_200' title='bbox 1039 2080 1137 2121; x_wconf 91' lang='lat' dir='ltr'>dum</span> <span class='ocrx_word' id='word_1_201' title='bbox 1166 2080 1368 2121; x_wconf 88' lang='lat' dir='ltr'>memoria</span> <span class='ocrx_word' id='word_1_202' title='bbox 1388 2086 1461 2121; x_wconf 89' lang='lat' dir='ltr'>tua</span> <span class='ocrx_word' id='word_1_203' title='bbox 1485 2087 1610 2133; x_wconf 90' lang='lat' dir='ltr'>gesta</span> 
     </span>
     <span class='ocr_line' id='line_1_28' title="bbox 127 2150 1612 2206; baseline -0.001 -14"><span class='ocrx_word' id='word_1_204' title='bbox 127 2152 373 2206; x_wconf 70' lang='lat' dir='ltr'>repetimus,</span> <span class='ocrx_word' id='word_1_205' title='bbox 418 2152 548 2193; x_wconf 89' lang='lat' dir='ltr'>nimia</span> <span class='ocrx_word' id='word_1_206' title='bbox 580 2165 713 2206; x_wconf 89' lang='lat' dir='ltr'>saepe</span> <span class='ocrx_word' id='word_1_207' title='bbox 753 2152 1033 2193; x_wconf 89' lang='lat' dir='ltr'>admiratione</span> <span class='ocrx_word' id='word_1_208' title='bbox 1074 2150 1372 2192; x_wconf 86' lang='lat' dir='ltr'>confundimur</span> <span class='ocrx_word' id='word_1_209' title='bbox 1408 2157 1449 2191; x_wconf 92' lang='lat' dir='ltr'>et</span> <span class='ocrx_word' id='word_1_210' title='bbox 1482 2151 1612 2192; x_wconf 91' lang='lat' dir='ltr'>animi</span> 
     </span>
     <span class='ocr_line' id='line_1_29' title="bbox 128 2222 1610 2276; baseline 0 -13"><span class='ocrx_word' id='word_1_211' title='bbox 128 2223 450 2276; x_wconf 85' lang='lat' dir='ltr'>obstupescunt.</span> <span class='ocrx_word' id='word_1_212' title='bbox 499 2223 547 2264; x_wconf 90' lang='lat' dir='ltr'>In</span> <span class='ocrx_word' id='word_1_213' title='bbox 579 2224 804 2264; x_wconf 88' lang='lat' dir='ltr'>Pannonia</span> <span class='ocrx_word' id='word_1_214' title='bbox 835 2236 919 2264; x_wconf 90' lang='lat' dir='ltr'>non</span> <span class='ocrx_word' id='word_1_215' title='bbox 954 2223 1079 2264; x_wconf 89' lang='lat' dir='ltr'>aliter</span> <span class='ocrx_word' id='word_1_216' title='bbox 1110 2236 1161 2263; x_wconf 89' lang='lat' dir='ltr'>ac</span> <span class='ocrx_word' id='word_1_217' title='bbox 1193 2223 1235 2263; x_wconf 90' lang='lat' dir='ltr'>in</span> <span class='ocrx_word' id='word_1_218' title='bbox 1269 2235 1370 2263; x_wconf 89' lang='lat' dir='ltr'>area</span> <span class='ocrx_word' id='word_1_219' title='bbox 1404 2222 1610 2263; x_wconf 87' lang='lat' dir='ltr'>bellorum</span> 
     </span>
     <span class='ocr_line' id='line_1_30' title="bbox 129 2293 1611 2347; baseline -0.001 -12"><span class='ocrx_word' id='word_1_220' title='bbox 129 2300 169 2335; x_wconf 90' lang='lat' dir='ltr'>et</span> <span class='ocrx_word' id='word_1_221' title='bbox 193 2295 411 2347; x_wconf 88' lang='lat' dir='ltr'>palaestra</span> <span class='ocrx_word' id='word_1_222' title='bbox 444 2294 683 2336; x_wconf 89' lang='lat' dir='ltr'>Maiestatis</span> <span class='ocrx_word' id='word_1_223' title='bbox 707 2295 826 2335; x_wconf 87' lang='lat' dir='ltr'>Tuae</span> <span class='ocrx_word' id='word_1_224' title='bbox 855 2294 1003 2335; x_wconf 87' lang='lat' dir='ltr'>solium</span> <span class='ocrx_word' id='word_1_225' title='bbox 1034 2293 1140 2335; x_wconf 91' lang='lat' dir='ltr'>deus</span> <span class='ocrx_word' id='word_1_226' title='bbox 1173 2294 1267 2347; x_wconf 88' lang='lat' dir='ltr'>ipse</span> <span class='ocrx_word' id='word_1_227' title='bbox 1302 2294 1533 2343; x_wconf 90' lang='lat' dir='ltr'>constituit,</span> <span class='ocrx_word' id='word_1_228' title='bbox 1567 2300 1611 2334; x_wconf 87' lang='lat' dir='ltr'>ut</span> 
     </span>
     <span class='ocr_line' id='line_1_31' title="bbox 128 2364 1611 2417; baseline 0 -12"><span class='ocrx_word' id='word_1_229' title='bbox 128 2364 227 2406; x_wconf 82' lang='lat' dir='ltr'>(lum</span> <span class='ocrx_word' id='word_1_230' title='bbox 259 2365 371 2406; x_wconf 90' lang='lat' dir='ltr'>hanc</span> <span class='ocrx_word' id='word_1_231' title='bbox 405 2365 619 2417; x_wconf 83' lang='lat' dir='ltr'>Germani,</span> <span class='ocrx_word' id='word_1_232' title='bbox 647 2365 869 2415; x_wconf 81' lang='lat' dir='ltr'>Vindelici,</span> <span class='ocrx_word' id='word_1_233' title='bbox 906 2364 1142 2415; x_wconf 81' lang='lat' dir='ltr'>Sarmatae,</span> <span class='ocrx_word' id='word_1_234' title='bbox 1176 2365 1316 2416; x_wconf 84' lang='lat' dir='ltr'>Turci,</span> <span class='ocrx_word' id='word_1_235' title='bbox 1351 2364 1542 2405; x_wconf 89' lang='lat' dir='ltr'>Thraces</span> <span class='ocrx_word' id='word_1_236' title='bbox 1571 2372 1611 2406; x_wconf 87' lang='lat' dir='ltr'>et</span> 
     </span>
     <span class='ocr_line' id='line_1_32' title="bbox 127 2436 1610 2489; baseline -0.001 -12"><span class='ocrx_word' id='word_1_237' title='bbox 127 2436 283 2489; x_wconf 81' lang='lat' dir='ltr'>Illyrici</span> <span class='ocrx_word' id='word_1_238' title='bbox 313 2436 500 2489; x_wconf 87' lang='lat' dir='ltr'>undique</span> <span class='ocrx_word' id='word_1_239' title='bbox 523 2436 725 2478; x_wconf 83' lang='lat' dir='ltr'>invadere</span> <span class='ocrx_word' id='word_1_240' title='bbox 748 2442 967 2485; x_wconf 87' lang='lat' dir='ltr'>conantur,</span> <span class='ocrx_word' id='word_1_241' title='bbox 992 2442 1034 2477; x_wconf 86' lang='lat' dir='ltr'>te</span> <span class='ocrx_word' id='word_1_242' title='bbox 1056 2436 1225 2477; x_wconf 86' lang='lat' dir='ltr'>unicum</span> <span class='ocrx_word' id='word_1_243' title='bbox 1249 2442 1610 2489; x_wconf 85' lang='lat' dir='ltr'>propugnatorem</span> 
     </span>
     <span class='ocr_line' id='line_1_33' title="bbox 128 2506 1611 2561; baseline 0.001 -15"><span class='ocrx_word' id='word_1_244' title='bbox 128 2506 362 2557; x_wconf 85' lang='lat' dir='ltr'>offendant,</span> <span class='ocrx_word' id='word_1_245' title='bbox 404 2515 444 2547; x_wconf 91' lang='lat' dir='ltr'>et</span> <span class='ocrx_word' id='word_1_246' title='bbox 478 2507 576 2548; x_wconf 90' lang='lat' dir='ltr'>hinc</span> <span class='ocrx_word' id='word_1_247' title='bbox 609 2521 685 2561; x_wconf 90' lang='lat' dir='ltr'>per</span> <span class='ocrx_word' id='word_1_248' title='bbox 717 2514 758 2548; x_wconf 86' lang='lat' dir='ltr'>te</span> <span class='ocrx_word' id='word_1_249' title='bbox 790 2507 1125 2548; x_wconf 86' lang='lat' dir='ltr'>immanissimae</span> <span class='ocrx_word' id='word_1_250' title='bbox 1158 2506 1200 2547; x_wconf 92' lang='lat' dir='ltr'>in</span> <span class='ocrx_word' id='word_1_251' title='bbox 1233 2506 1401 2547; x_wconf 91' lang='lat' dir='ltr'>Italiam</span> <span class='ocrx_word' id='word_1_252' title='bbox 1433 2506 1611 2547; x_wconf 89' lang='lat' dir='ltr'>infideli-</span> 
     </span>
     <span class='ocr_line' id='line_1_34' title="bbox 128 2577 1612 2631; baseline 0 -13"><span class='ocrx_word' id='word_1_253' title='bbox 128 2578 205 2618; x_wconf 87' lang='lat' dir='ltr'>tati</span> <span class='ocrx_word' id='word_1_254' title='bbox 228 2577 369 2618; x_wconf 88' lang='lat' dir='ltr'>aditus</span> <span class='ocrx_word' id='word_1_255' title='bbox 392 2577 649 2629; x_wconf 88' lang='lat' dir='ltr'>obstruatur,</span> <span class='ocrx_word' id='word_1_256' title='bbox 681 2578 759 2620; x_wconf 87' lang='lat' dir='ltr'>sub</span> <span class='ocrx_word' id='word_1_257' title='bbox 787 2585 945 2631; x_wconf 89' lang='lat' dir='ltr'>tuaque</span> <span class='ocrx_word' id='word_1_258' title='bbox 967 2577 1134 2618; x_wconf 87' lang='lat' dir='ltr'>demum</span> <span class='ocrx_word' id='word_1_259' title='bbox 1161 2577 1339 2619; x_wconf 75' lang='lat' dir='ltr'>dextera</span> <span class='ocrx_word' id='word_1_260' title='bbox 1370 2577 1612 2618; x_wconf 84' lang='lat' dir='ltr'>Christiana</span> 
     </span>
     <span class='ocr_line' id='line_1_35' title="bbox 128 2647 1612 2702; baseline 0.001 -14"><span class='ocrx_word' id='word_1_261' title='bbox 128 2647 372 2701; x_wconf 88' lang='lat' dir='ltr'>respublica</span> <span class='ocrx_word' id='word_1_262' title='bbox 404 2649 692 2700; x_wconf 87' lang='lat' dir='ltr'>conquiescat.</span> <span class='ocrx_word' id='word_1_263' title='bbox 733 2648 767 2689; x_wconf 87' lang='lat' dir='ltr'>O</span> <span class='ocrx_word' id='word_1_264' title='bbox 792 2662 918 2702; x_wconf 90' lang='lat' dir='ltr'>quam</span> <span class='ocrx_word' id='word_1_265' title='bbox 951 2649 1061 2690; x_wconf 89' lang='lat' dir='ltr'>bene</span> <span class='ocrx_word' id='word_1_266' title='bbox 1088 2649 1216 2690; x_wconf 90' lang='lat' dir='ltr'>rebus</span> <span class='ocrx_word' id='word_1_267' title='bbox 1249 2648 1507 2690; x_wconf 87' lang='lat' dir='ltr'>Pannonicis</span> <span class='ocrx_word' id='word_1_268' title='bbox 1530 2649 1612 2689; x_wconf 86' lang='lat' dir='ltr'>for-</span> 
     </span>
     <span class='ocr_line' id='line_1_36' title="bbox 128 2720 1611 2774; baseline 0.002 -16"><span class='ocrx_word' id='word_1_269' title='bbox 128 2724 230 2759; x_wconf 88' lang='lat' dir='ltr'>tuna</span> <span class='ocrx_word' id='word_1_270' title='bbox 264 2720 489 2770; x_wconf 90' lang='lat' dir='ltr'>consuluit,</span> <span class='ocrx_word' id='word_1_271' title='bbox 521 2721 647 2761; x_wconf 91' lang='lat' dir='ltr'>immo</span> <span class='ocrx_word' id='word_1_272' title='bbox 681 2721 825 2762; x_wconf 89' lang='lat' dir='ltr'>divina</span> <span class='ocrx_word' id='word_1_273' title='bbox 858 2721 1085 2762; x_wconf 88' lang='lat' dir='ltr'>clementia</span> <span class='ocrx_word' id='word_1_274' title='bbox 1119 2721 1351 2774; x_wconf 77' lang='lat' dir='ltr'>prospexit.</span> <span class='ocrx_word' id='word_1_275' title='bbox 1385 2721 1493 2761; x_wconf 80' lang='lat' dir='ltr'>Nam</span> <span class='ocrx_word' id='word_1_276' title='bbox 1517 2721 1611 2773; x_wconf 88' lang='lat' dir='ltr'>quis</span> 
     </span>
     <span class='ocr_line' id='line_1_37' title="bbox 129 2788 1612 2845; baseline 0.001 -16"><span class='ocrx_word' id='word_1_277' title='bbox 129 2788 226 2830; x_wconf 76' lang='lat' dir='ltr'>divo</span> <span class='ocrx_word' id='word_1_278' title='bbox 265 2790 426 2832; x_wconf 90' lang='lat' dir='ltr'>Mathia</span> <span class='ocrx_word' id='word_1_279' title='bbox 458 2793 746 2845; x_wconf 88' lang='lat' dir='ltr'>praestantior</span> <span class='ocrx_word' id='word_1_280' title='bbox 789 2792 1040 2833; x_wconf 87' lang='lat' dir='ltr'>Pannoniae</span> <span class='ocrx_word' id='word_1_281' title='bbox 1073 2792 1249 2845; x_wconf 85' lang='lat' dir='ltr'>praefici</span> <span class='ocrx_word' id='word_1_282' title='bbox 1281 2792 1507 2845; x_wconf 84' lang='lat' dir='ltr'>potuisset,</span> <span class='ocrx_word' id='word_1_283' title='bbox 1542 2791 1612 2843; x_wconf 90' lang='lat' dir='ltr'>qui</span> 
     </span>
     <span class='ocr_line' id='line_1_38' title="bbox 128 2860 1611 2916; baseline 0.002 -16"><span class='ocrx_word' id='word_1_284' title='bbox 128 2860 310 2902; x_wconf 88' lang='lat' dir='ltr'>immites</span> <span class='ocrx_word' id='word_1_285' title='bbox 341 2869 383 2902; x_wconf 85' lang='lat' dir='ltr'>et-</span> <span class='ocrx_word' id='word_1_286' title='bbox 410 2874 589 2915; x_wconf 85' lang='lat' dir='ltr'>asperos</span> <span class='ocrx_word' id='word_1_287' title='bbox 623 2862 936 2916; x_wconf 84' lang='lat' dir='ltr'>Septentrionis</span> <span class='ocrx_word' id='word_1_288' title='bbox 958 2863 1155 2916; x_wconf 91' lang='lat' dir='ltr'>populos,</span> <span class='ocrx_word' id='word_1_289' title='bbox 1185 2862 1299 2904; x_wconf 91' lang='lat' dir='ltr'>unde</span> <span class='ocrx_word' id='word_1_290' title='bbox 1327 2869 1481 2903; x_wconf 89' lang='lat' dir='ltr'>cuncta</span> <span class='ocrx_word' id='word_1_291' title='bbox 1501 2862 1611 2903; x_wconf 88' lang='lat' dir='ltr'>Pan-</span> 
     </span>
     <span class='ocr_line' id='line_1_39' title="bbox 129 2931 1611 2987; baseline 0.001 -16"><span class='ocrx_word' id='word_1_292' title='bbox 129 2931 349 2972; x_wconf 87' lang='lat' dir='ltr'>noniarum</span> <span class='ocrx_word' id='word_1_293' title='bbox 395 2938 436 2973; x_wconf 90' lang='lat' dir='ltr'>et</span> <span class='ocrx_word' id='word_1_294' title='bbox 482 2932 630 2974; x_wconf 87' lang='lat' dir='ltr'>Italiae</span> <span class='ocrx_word' id='word_1_295' title='bbox 676 2933 788 2974; x_wconf 87' lang='lat' dir='ltr'>mala</span> <span class='ocrx_word' id='word_1_296' title='bbox 834 2933 1072 2987; x_wconf 76' lang='lat' dir='ltr'>profluxere</span> <span class='ocrx_word' id='word_1_297' title='bbox 1110 2946 1162 2974; x_wconf 89' lang='grc'>116</span> <span class='ocrx_word' id='word_1_298' title='bbox 1196 2934 1281 2974; x_wconf 83' lang='grc'><strong>11113</strong></span> <span class='ocrx_word' id='word_1_299' title='bbox 1327 2939 1611 2987; x_wconf 85' lang='lat' dir='ltr'>erumperent,</span> 
     </span>
    </p>
   </div>
  </div>
 </body>
</html>
