1919 3273
1498 103 1567 137 471

350 243 502 286 Nautis
534 244 707 285 irradiet
738 244 964 286 laboriosis

351 314 471 356 Votis
504 315 703 356 omnibus
734 315 918 356 omnium
953 316 1253 370 expetendum.

320 490 391 532 Ad
422 489 709 547 Illaymftcum
741 492 798 534 D.
831 491 1034 534 Aleoeium
1071 493 1347 535 lemsonem.

244 597 457 647 Quantum
489 605 636 640 nostra
666 600 790 640 bonis
823 599 953 641 debet
984 600 1280 642 Thursonibus
1313 606 1434 642 aetas

303 669 516 719 Quantum
536 683 630 723 ego,
651 670 869 712 doctorum
888 677 929 711 et
947 671 1146 724 quicquid
1164 672 1321 724 ubique
1343 672 1478 714 virum
1496 676 1576 723 est,

241 740 337 781 Non
372 754 465 794 ego,
499 754 585 781 non
619 742 781 782 omneis
814 747 1013 795 poterunt
1036 755 1270 783 memorare
1290 748 1459 796 poetae,

301 811 396 852 Non
430 818 471 852 et
505 812 576 864 qui
606 812 779 865 ingenio
812 819 1004 866 praestat
1038 819 1079 854 et
1112 819 1202 853 arte
1234 813 1392 866 Logus.

242 882 340 936 Ipse
373 896 531 935 parens
564 889 707 924 vester
739 884 912 937 propria
944 884 1025 924 hoc
1057 884 1209 925 virtute
1242 884 1421 938 paravit,

302 953 422 995 Unus
456 961 501 994 ut
532 954 575 994 111
609 960 697 995 toto
732 960 859 1006 atque
892 955 1042 996 unicus
1076 955 1176 995 orbe
1209 955 1332 1006 foret7

245 1024 381 1074 Quem
404 1026 550 1078 magni
572 1025 782 1067 ambirent
804 1026 960 1079 Reges,
980 1040 1147 1078 quoque
1172 1027 1346 1080 auspice
1368 1038 1549 1079 magnas

301 1095 386 1137 Res
420 1104 632 1149 gererent⁷
667 1097 871 1149 cuiusque
904 1097 1153 1137 illabefacta
1184 1097 1292 1138 fides

243 1167 389 1219 Usque
414 1173 517 1208 erat.
551 1168 661 1208 Hinc
683 1168 856 1221 generis
889 1168 1125 1209 clarissima
1146 1167 1302 1221 sydera
1322 1167 1454 1209 vestri

302 1238 403 1279 Nati
433 1238 665 1280 Pontifices
698 1240 806 1280 alter
839 1244 881 1280 et
912 1239 1020 1280 alter
1053 1246 1186 1280 erant.

244 1309 355 1359 Quid
386 1310 528 1351 fuerat
560 1311 664 1351 Iano
697 1309 886 1351 melius?
919 1310 1019 1363 quid
1053 1310 1241 1351 sanctius
1272 1310 1355 1350 isto

302 1381 468 1435 Regula
501 1382 572 1433 qui
605 1387 671 1422 est
703 1382 814 1423 vitae
847 1381 1164 1422 Marcomanum
1196 1379 1402 1434 populis?

244 1452 440 1505 Denique
476 1454 570 1505 quis
603 1466 687 1493 non
710 1466 873 1505 aequus
897 1458 1011 1493 amet
1031 1458 1087 1503 te,
1120 1452 1299 1505 pulcher
1320 1451 1458 1503 Alexi,

300 1524 354 1564 Et
386 1524 577 1575 fratrem,
613 1537 768 1565 nomen
803 1524 874 1573 qui
906 1523 1112 1576 genitoris
1144 1521 1312 1564 habet‘?

242 1595 465 1637 Haeredes
498 1593 663 1649 patriae
696 1595 876 1644 virtutis,
911 1607 1123 1648 opumque
1157 1594 1327 1634 beatam

301 1666 570 1707 Thursonum
604 1679 704 1707 vere
737 1665 1092 1718 magnificamque
1126 1664 1308 1705 domum.

243 1737 440 1778 Carmine
474 1750 584 1790 quae
617 1737 711 1777 Veli
744 1749 997 1789 quocunque
1030 1736 1223 1789 Logique
1258 1734 1439 1776 rotundo

304 1809 418 1850 Nota
450 1810 504 1850 sit
536 1809 652 1860 Eois⁷
686 1814 787 1849 nota
821 1807 875 1847 sit
907 1807 1142 1860 Hesperiis.

99 1986 170 2027 Ad
205 1986 503 2028 Reverewdum
536 1986 594 2028 D.
641 1986 863 2028 Andream
903 1984 1204 2038 Praepositum
1250 1980 1580 2037 Strigyomensem

445 2057 595 2099 Virum
626 2059 909 2110 undeczmqm
942 2055 1240 2098 doctissimum.

381 2154 464 2195 Abi
495 2154 608 2205 111118,
643 2167 666 2195 o
699 2154 812 2194 mala
844 2153 971 2203 ravis,
1007 2159 1048 2193 et
1081 2151 1261 2192 molesta

382 2225 474 2266 Nec
506 2239 572 2266 1118
606 2226 777 2279 longius
810 2238 921 2277 ange
956 2224 1108 2277 pituita

383 2296 574 2338 Raucum
605 2297 762 2350 iugiter
794 2303 836 2337 et
867 2295 1212 2349 gravedinosum⁷

384 2368 466 2409 Abi
497 2368 609 2419 111118,
643 2369 831 2421 pessima
865 2365 1022 2419 turgidi
1055 2363 1187 2418 palati

383 2438 539 2489 Pestis,
575 2452 669 2480 cum
701 2438 881 2478 miseras
914 2436 1156 2491 periculosa

381 2509 549 2551 Fauces
584 2509 808 2551 obsidione
843 2508 992 2560 cingis⁷
1027 2506 1108 2547 ohe

383 2581 594 2621 Hostilem
626 2580 784 2633 premis
816 2580 859 2619 in
891 2577 1060 2618 modum
1092 2576 1297 2617 iacentes.

386 2651 420 2693 O
454 2657 666 2693 tormenta
698 2650 861 2701 odiosa,
896 2647 1213 2701 compedesque

384 2722 519 2764 Rauci
551 2721 732 2775 gutturis
767 2727 808 2761 et
841 2719 1060 2761 siticulosi.

385 2793 477 2834 Nec
508 2805 684 2846 possum
713 2791 827 2842 mihi,
862 2803 942 2830 nec
964 2802 1119 2830 vacare
1142 2788 1301 2829 amicis.

385 2864 478 2906 Nec
509 2863 593 2904 iam
627 2862 739 2903 seria
770 2874 852 2903 nec
883 2861 979 2902 ioca
1011 2860 1210 2901 excitare.
