1955 3278
1486 118 1506 151 Ν)

1510 117 1553 151 ἶς’,

236 352 470 389 Marsilius
496 352 687 388 Ficinus
714 351 881 388 Ioanni
907 352 1145 389 Pannonio
1174 352 1212 388 S.
1239 352 1284 387 P.
1312 351 1388 388 D.1

191 475 235 517 si
262 482 408 516 nostra
441 489 551 528 quae
581 476 741 529 legisse
765 481 807 516 te
831 475 953 526 dicis,
986 475 1288 523 intellexisses,
1322 487 1406 516 11011
1436 474 1554 516 dubi-

71 553 186 588 tares
230 559 354 596 nunc,
402 559 485 599 qua
526 546 793 600 potissimum
825 545 989 587 ratione
1035 552 1180 587 nostra
1224 545 1332 587 haec
1366 552 1553 587 veterum

71 617 292 659 renovatio
326 617 495 658 divinae
530 616 824 670 providentiae
856 616 1028 658 serviat.
1063 616 1276 670 Principio
1310 630 1448 669 neque
1484 616 1554 657 de-

72 689 220 730 bemus
254 688 306 729 ab
339 687 422 728 illis
456 687 512 729 ad
546 701 753 728 summum
789 687 1031 728 Christiana
1058 688 1272 740 requirere
1307 687 1377 739 qui
1400 686 1555 728 Christi

69 759 300 801 adventum
334 765 672 809 antecesserunt,
707 772 846 811 neque
881 758 1097 799 confidere
1131 765 1258 799 acuta
1288 766 1329 799 et
1352 758 1555 811 quodam-

70 830 195 871 modo
228 830 529 884 philosophica
574 829 789 871 hominum
822 830 997 883 ingenia
1031 843 1217 882 unquam
1253 829 1337 870 alia
1371 829 1554 882 quadam

71 914 173 943 esca
215 907 387 955 praeter
431 914 557 953 quam
598 900 898 955 philosophica
930 900 985 942 ad
1027 900 1263 954 perfectam
1305 901 1554 953 religionem

69 972 183 1013 allici
221 985 349 1026 posse
387 972 593 1026 paulatim
626 985 677 1013 ac
710 972 898 1026 perduci.
945 972 1082 1013 Acuta
1121 972 1233 1013 enirn
1269 971 1444 1024 ingenia
1476 971 1555 1013 soli

69 1056 117 1085 se
162 1043 315 1084 rationi
351 1043 630 1095 committunt,
679 1057 859 1096 cumque
893 1057 918 1084 a
949 1043 1151 1097 religioso
1192 1042 1374 1096 quodam
1419 1042 1555 1096 philo-

68 1114 205 1168 sopho
234 1112 375 1156 hanc2
410 1114 626 1169 accipiunt
660 1115 923 1168 religionem,
962 1115 1100 1156 subito
1135 1127 1399 1156 communem
1420 1113 1553 1154 liben-

71 1193 134 1226 ter
177 1186 387 1228 amittunt.
449 1186 544 1236 Qua
585 1185 756 1239 quidem
788 1186 937 1227 imbuti
980 1186 1035 1227 ad
1077 1186 1294 1227 meliorem
1337 1184 1554 1239 religionis

69 1257 259 1311 speciem
293 1257 370 1299 sub
395 1270 553 1311 genere
579 1257 933 1312 comprehensam
957 1257 1125 1299 facilius
1148 1257 1439 1298 traducuntur.
1474 1256 1554 1297 lta-

71 1341 152 1381 que
175 1341 260 1370 non
283 1329 446 1381 absque
470 1328 615 1370 divina
635 1329 917 1383 providentia.
947 1329 1117 1370 volente
1141 1341 1289 1370 omnes
1312 1341 1387 1382 pro
1411 1327 1553 1381 singu-

70 1400 204 1440 lorum
235 1399 409 1453 ingenio
443 1400 498 1441 ad
522 1413 568 1441 se
591 1400 840 1441 mirabiliter
872 1413 1088 1450 revocare,
1122 1400 1282 1441 factum
1310 1405 1389 1449 est,
1416 1405 1461 1439 ut
1483 1398 1555 1452 pia

71 1470 283 1523 quaedam
306 1470 581 1525 philosophia
605 1471 819 1524 quondam
842 1477 884 1513 et
902 1471 1016 1525 apud
1035 1471 1192 1512 Persas
1216 1471 1294 1512 sub
1313 1470 1553 1521 Zoroastre,

71 1548 113 1582 et
146 1542 260 1596 apud
292 1542 529 1596 Aegyptios
563 1543 641 1584 sub
674 1542 882 1583 Mercurio
915 1548 1166 1583 nasceretur
1197 1541 1419 1594 utrobique
1456 1540 1554 1582 sibi-

70 1619 157 1654 met
190 1626 391 1664 consona,
438 1613 668 1655 nutriretur
700 1613 856 1655 deinde
891 1613 1005 1667 apud
1044 1613 1236 1654 Thraces
1270 1612 1348 1654 sub
1383 1611 1554 1666 Orpheo

70 1690 197 1737 atque
225 1685 536 1738 Aglaophemo,
571 1685 841 1727 adolesceret
871 1698 1039 1738 quoque
1068 1698 1166 1726 mox
1196 1685 1274 1726 sub
1307 1683 1555 1737 Pythagora

68 1755 184 1810 apud
206 1755 394 1798 Graecos
418 1762 460 1797 et
483 1756 628 1798 Italos,
656 1756 849 1798 Tandem
874 1770 975 1798 vero
995 1770 1019 1796 a
1042 1756 1139 1797 divo
1157 1756 1337 1797 Platone
1362 1768 1555 1797 consum-

68 1832 254 1868 maretur
277 1828 468 1869 Athenis.
503 1828 638 1869 Vetus
673 1835 815 1869 autem
843 1828 1138 1881 theologorum
1162 1840 1253 1868 mos
1287 1833 1377 1868 erat
1411 1827 1556 1868 divina

68 1899 271 1951 mysteria
302 1904 389 1939 tum
423 1899 740 1940 mathematicis
773 1900 960 1940 numeris
994 1908 1036 1940 et
1068 1898 1228 1951 figuris,
1262 1905 1347 1939 tum
1376 1897 1555 1952 poeticis

66 1968 282 2023 figmentis
328 1969 548 2024 obtegere.
598 1971 792 2012 Plotinus
825 1970 999 2012 tandem
1033 1970 1099 2011 his
1132 1969 1395 2023 theologiam
1440 1969 1554 2010 vela-

67 2039 251 2081 minibus
305 2040 538 2083 denudavit
558 2041 573 2064 3
626 2042 872 2096 primusque
922 2048 963 2083 et
1011 2041 1149 2092 solus,
1200 2047 1245 2081 ut
1292 2041 1555 2095 Porphyrius

66 2112 329 2164 Proclusque
362 2118 586 2165 testantur,
631 2126 790 2154 arcana
822 2120 1013 2155 veterum
1049 2112 1250 2154 divinitus
1289 2112 1554 2167 penetravit;

68 2183 147 2224 sed
180 2183 232 2224 ob
265 2183 560 2225 incredibilem
594 2191 680 2225 tum
717 2184 943 2226 verborum
977 2184 1232 2226 brevitatem
1265 2190 1352 2225 tum
1386 2189 1555 2225 senten-

66 2254 218 2295 tiarum
264 2255 432 2309 copiam
478 2269 719 2309 sensusque
765 2255 1102 2310 profunditatem
1150 2268 1234 2296 non
1275 2255 1555 2297 translatione

65 2331 230 2366 tantum
259 2326 447 2380 linguae,
482 2326 559 2368 sed
588 2327 902 2369 commentariis
928 2326 1104 2380 indiget.
1136 2327 1226 2368 Nos
1250 2339 1351 2380 ergo
1374 2327 1417 2367 in
1436 2326 1555 2367 theo-

64 2396 176 2451 logis
210 2398 500 2452 superioribus
524 2398 801 2440 traducendis
831 2404 873 2439 et
896 2398 1180 2452 explanandis
1204 2398 1412 2439 hactenus
1437 2398 1554 2439 labo-

65 2469 264 2510 ravimus.
298 2469 421 2511 Nunc
453 2483 554 2511 vero
589 2469 777 2522 quotidie
810 2470 853 2510 in
886 2469 1042 2510 Plotini
1075 2469 1194 2510 libris
1228 2470 1418 2511 similiter
1439 2469 1555 2511 labo-

64 2552 220 2591 ramus,
255 2540 353 2582 huic
386 2541 505 2595 operi
536 2554 614 2582 nos
650 2541 757 2582 sicut
788 2547 829 2582 01
861 2541 923 2582 1111
949 2553 1040 2590 suo,
1075 2540 1276 2583 divinitus
1301 2540 1554 2593 destinatus,

65 2616 110 2651 ut
133 2611 215 2652 hac
233 2611 475 2665 Theologia
494 2613 537 2653 in
556 2613 695 2654 lucem
716 2612 954 2666 prodeunte
974 2619 1015 2653 et
1037 2617 1191 2666 poetae
1211 2611 1410 2652 desinant
1431 2617 1555 2665 gesta

69 2683 355 2736 mysteriaque
390 2684 565 2738 pietatis
597 2685 725 2739 impie
759 2684 916 2725 fabulis
951 2684 1039 2724 suis
1074 2696 1354 2724 annumerare
1379 2689 1419 2724 et
1441 2683 1555 2724 Peri-

64 2755 257 2808 patetici,
291 2755 335 2797 id
368 2760 433 2797 est
466 2756 718 2810 Philosophi
750 2769 898 2797 omnes
932 2754 1243 2796 admoneantur
1271 2767 1355 2795 non
1380 2767 1476 2795 esse
1501 2753 1553 2795 de

183 2906 193 2926 ¹
221 2907 259 2941 P.
281 2907 322 2941 D.
350 2885 524 2950 hianyzil}
549 2907 682 2942 F-ben.
723 2908 734 2925 “-'
761 2906 854 2940 hanc
878 2905 1049 2950 hianyzik
1076 2906 1213 2940 H-ban.
1259 2906 1270 2925 ³
1298 2905 1478 2940 enudavat
1504 2904 1553 2938 H.
