1919 3273
1520 90 1587 124 455

102 281 362 318 Ludovieus
399 281 578 317 Tubero
618 277 834 316 Dalmata.
872 279 1028 316 Abbas
1065 280 1283 327 Gregorio
1322 279 1586 327 Fregepani

362 345 703 382 Colooiensium
728 343 942 391 pontifici
968 344 1170 381 Salutem
1197 344 1324 381 dicit.

222 450 303 500 Qui
345 450 491 491 liberis
537 450 624 490 suis
666 454 924 490 testamento
970 456 1130 490 tutores
1182 449 1284 489 dare
1332 449 1584 500 deliberant,

102 535 187 563 non
220 522 354 562 solum
387 521 497 561 inter
541 519 868 561 consultandum
913 526 1109 572 agnatos,
1158 519 1310 572 quibus
1342 519 1385 559 id
1418 519 1587 572 negocii

103 591 365 633 demandent
398 590 668 644 quaerendos
702 603 798 631 esse
833 597 1023 641 censent,
1062 590 1139 631 sed
1172 590 1297 630 etiam
1332 603 1387 630 an
1419 589 1462 629 hi
1503 589 1586 643 ipsi

103 662 228 703 amici
261 663 356 714 31111,
391 667 590 703 accurate
625 661 879 714 despiciunt,
925 662 1172 714 maluntque
1210 661 1350 702 alieno
1384 661 1455 713 qui
1486 659 1587 701 fidei

103 747 206 774 suae
252 733 550 774 documentum
597 732 726 783 dedit,
774 745 899 784 quam
945 732 1154 785 sanguiue
1188 733 1426 781 coniuncto,
1467 731 1585 772 cuius

102 804 286 845 animum
319 817 468 857 parum
491 809 765 856 perspectum
788 803 963 854 habent,
996 803 1039 843 id
1062 803 1202 844 oneris
1223 803 1466 856 imponere;
1502 815 1585 843 non

103 874 214 916 enim
246 881 362 915 recte
384 873 636 928 propinquo,
660 875 741 915 nisi
762 874 875 915 idem
899 875 952 915 sit
975 875 1136 915 amicus
1160 874 1292 914 tutela
1316 873 1587 914 committitur

100 945 342 987 liberorum.
378 944 464 986 Sed
498 959 578 986 nec
610 945 901 986 remissionem
937 945 1096 985 tutelae
1130 945 1348 985 Romanae
1375 944 1497 997 leges
1519 944 1586 984 his

101 1017 302 1068 tribuunt,
342 1029 519 1069 quorum
553 1016 680 1057 fidem
717 1022 790 1057 aut
824 1016 1042 1057 testatoris
1078 1023 1150 1056 aut
1182 1015 1392 1069 praetoris
1430 1015 1586 1056 iudicio

102 1088 365 1141 exploratam
400 1100 498 1128 6336
532 1092 713 1128 constat.
749 1087 890 1136 Quare
924 1100 1017 1128 611111
1042 1087 1326 1128 confecissem
1348 1086 1510 1138 aliquot
1533 1085 1586 1127 de

101 1158 364 1212 temporibus
408 1159 515 1199 meis
562 1158 905 1206 commentarios,
952 1171 1044 1198 cum
1092 1157 1356 1210 quorundam
1397 1162 1585 1197 veterum

102 1230 353 1284 scriptorum
386 1235 428 1270 et
461 1243 606 1271 eorum
640 1230 879 1283 sapientiae
901 1229 1307 1269 studiosissimorum
1330 1233 1586 1281 provocatus

102 1301 313 1355 exemplo⁷
359 1307 447 1341 tum
480 1301 763 1341 sanctimonia
794 1300 1022 1353 insignium
1067 1307 1239 1341 nostrae
1279 1306 1423 1341 sectae
1456 1299 1586 1339 homi-

102 1386 200 1413 num
235 1371 420 1412 studium
465 1378 654 1423 secutus,
700 1385 775 1413 eos
808 1372 864 1412 ad
896 1378 937 1412 te
972 1372 1081 1412 dono
1116 1371 1222 1423 misi7
1269 1376 1313 1411 ut
1346 1378 1390 1411 tu
1424 1370 1588 1411 scilicet

101 1441 280 1497 perinde
313 1455 363 1484 ac
385 1443 543 1483 liberos
567 1456 619 1483 ex
642 1443 888 1484 necessario
912 1449 982 1483 tuo
1007 1442 1189 1495 genitos,
1219 1448 1403 1494 tuaeque
1427 1441 1586 1482 tutelae

102 1513 351 1555 commissos
395 1513 455 1554 ita
498 1513 541 1554 in
580 1513 751 1554 domum
796 1521 910 1554 tuam
958 1514 1167 1567 excipias,
1214 1519 1341 1565 atque
1388 1512 1503 1566 apud
1546 1517 1587 1552 16

102 1585 280 1637 habeas,
314 1590 359 1626 ut
390 1585 575 1639 posteris
609 1598 777 1637 quoque
810 1584 1009 1625 iudicium
1044 1584 1097 1625 de
1130 1591 1171 1625 te
1205 1597 1345 1625 meum
1383 1588 1586 1623 testatum

103 1657 181 1707 sit;
227 1670 326 1697 nam
370 1656 543 1697 tametsi
575 1655 744 1697 dicendi
789 1669 948 1709 genere
982 1655 1086 1695 nihil
1118 1654 1208 1695 fere
1241 1653 1381 1695 laudis
1415 1652 1588 1704 assequi

103 1727 299 1779 debeam,
332 1728 414 1768 nisi
447 1727 561 1780 quod
588 1727 643 1768 ad
664 1726 984 1779 exsequendam
1007 1726 1227 1767 historiam
1251 1725 1345 1765 aliis
1365 1723 1587 1764 materiam

103 1798 339 1840 subiecisse
371 1798 533 1848 videor,
567 1803 755 1838 attamen
789 1803 1088 1850 praeterquam
1121 1795 1234 1849 quod
1272 1795 1388 1836 nuda
1420 1806 1587 1847 quoque

102 1882 241 1910 rerum
285 1870 530 1910 narratione
574 1869 771 1921 legentes
817 1868 1097 1919 delectantur⁷
1143 1880 1287 1908 amore
1326 1866 1369 1906 111
1404 1872 1445 1906 16
1478 1877 1586 1915 11160,

104 1953 230 1993 quam
262 1940 508 1982 notissimus
542 1952 640 1981 esse
673 1939 810 1992 cupio,
845 1938 964 1979 Vale.

174 2136 380 2173 Antonio
418 2137 648 2183 Episcopo
687 2135 917 2172 Nitriensi
950 2132 1199 2170 Wladislai
1235 2132 1517 2169 serenissimi

103 2202 225 2249 regis
262 2202 500 2249 Ungariae
538 2203 852 2248 Boemiaeque
887 2199 1058 2235 oratori
1090 2198 1445 2245 prudentissimo
1471 2197 1586 2234 Udis

726 2266 970 2302 Salutem1

221 2366 428 2407 Rumores
452 2378 558 2418 quos
581 2364 634 2406 de
654 2364 928 2406 serenissimo
949 2377 1051 2416 rege
1074 2376 1210 2417 nuper
1226 2363 1269 2403 in
1287 2362 1390 2403 urbe
1409 2362 1587 2404 diffusos

104 2438 367 2492 accepimus,
397 2444 519 2492 pater
551 2437 722 2491 optime,
762 2437 830 2478 vel
862 2435 1031 2476 minime
1067 2434 1233 2487 dignos,
1280 2433 1349 2486 qui
1384 2433 1436 2474 de
1469 2439 1587 2474 tanto

103 2508 295 2562 principe
341 2508 597 2559 dicerentur,
644 2508 686 2548 in
719 2507 860 2548 medio
906 2507 1190 2546 Romanarum
1229 2505 1464 2545 litterarum
1497 2505 1588 2545 ocio

103 2579 206 2620 mihi
239 2592 432 2621 somnum
458 2581 739 2632 intercepere.
773 2578 864 2619 Nec
895 2578 991 2631 ipsa
1018 2576 1080 2617 rei
1112 2576 1270 2630 patitur
1290 2576 1524 2629 indignitas
1546 2576 1588 2616 in

224 2694 234 2714 ¹
250 2695 284 2729 A
297 2695 424 2739 pragai
438 2695 621 2739 egyetemi
637 2694 817 2738 k'onyvtar
836 2693 916 2727 1D3.
931 2693 1007 2737 jelii
1024 2691 1229 2726 XV—XVI.
1247 2691 1455 2726 szazadbeli
1469 2691 1587 2735 papir-

104 2752 317 2795 codexebol,
343 2754 406 2788 fol.
428 2754 495 2795 98„
523 2754 577 2787 99.
606 2754 658 2786 Az
687 2753 798 2787 elo'tte
827 2752 906 2785 levo
926 2752 1035 2784 tiszta
1061 2752 1170 2794 lapon
1189 2761 1208 2785 e
1228 2748 1459 2795 foljegyzes:
1486 2750 1588 2784 Hanc

104 2813 298 2856 epistolam
324 2813 491 2847 dominus
518 2812 689 2846 Nicolaus
716 2812 924 2845 Flasscator
944 2810 1026 2844 dive
1047 2810 1205 2843 Barbare
1224 2809 1347 2842 altaris
1366 2809 1451 2842 olim
1470 2808 1588 2843 Sacel-

103 2872 208 2906 lanus
235 2871 474 2906 Crumnoviae
501 2871 648 2914 propria
666 2881 773 2904 manu
792 2869 1016 2913 perscripsit.
1044 2868 1119 2902 Fol.
1140 2868 1349 2901 9922—132a
1367 2867 1588 2902 kovetkezik
