1919 3273
350 118 423 152 346

350 346 421 379 750

349 702 420 735 755

354 1058 422 1092 760

353 1415 420 1449 765

353 1772 421 1806 770

357 2487 426 2520 780

501 264 700 313 Exn-amq
734 265 943 318 geminas,
978 268 1222 318 pugnantes
1256 261 1415 304 viribus
1451 261 1572 314 equis

503 335 608 377 Cum
633 336 826 388 (lucibus,
861 335 980 376 multi
1013 335 1190 376 comites
1225 339 1470 375 sternuntur
1491 333 1533 373 in
1556 346 1697 374 unum.

501 407 622 449 Tunc
656 408 817 449 socium
849 407 983 449 virtus
1017 414 1059 448 et
1090 406 1206 459 regis
1240 418 1398 457 magna
1430 404 1611 445 Bohemi

500 479 658 520 Tendit
690 479 733 520 in
767 479 975 520 adversos
1009 478 1146 519 hastis
1181 476 1434 518 sublimibus
1466 475 1629 517 hostes,

500 549 633 602 Inque
669 550 837 603 equites
872 549 1060 591 violenta
1092 549 1187 598 ruit,
1222 555 1485 600 mortemque
1507 547 1702 590 minatur.

501 621 654 662 Arrida
688 621 894 674 correptis
928 621 1037 662 sicut
1070 620 1278 661 Vulcania
1311 619 1447 673 pestis

504 692 615 733 Arva
644 691 791 733 furens
812 692 1006 733 flammas
1028 691 1271 732 extenditur
1293 690 1481 743 undique
1505 703 1704 732 crescens

501 763 619 817 Ignis
653 763 792 804 adurit
824 776 966 817 agros,
1000 769 1180 816 urgente
1212 762 1413 804 incendia
1445 768 1587 804 vento.

502 835 622 876 Talis
654 835 697 875 in
730 835 854 876 hoste
887 834 988 875 furit
1020 841 1146 876 tensa
1178 833 1406 875 violentius
1439 833 1566 874 hasta

501 906 778 948 Vuladislaus
812 919 945 959 eques
978 911 1112 946 totum
1147 918 1272 958 quem
1305 910 1448 946 castra
1479 910 1690 946 verentur.

501 977 674 1018 Viribus
708 978 890 1031 erumpit
922 978 1092 1031 magnis
1124 977 1167 1018 in
1201 976 1400 1018 Caesaris
1432 976 1549 1017 illam

503 1049 685 1090 Pectore
718 1062 793 1089 rex
826 1048 1015 1102 fulgens,
1050 1054 1092 1089 et
1126 1061 1281 1102 corpus
1314 1047 1506 1101 perforat
1537 1047 1691 1100 ingens

501 1120 577 1161 Ille
611 1133 774 1174 parum,
808 1120 945 1161 tenuit
977 1120 1136 1161 ferrum
1169 1119 1436 1174 penetrabile
1472 1119 1621 1160 dextra

503 1191 639 1232 Crede
673 1191 789 1243 mihi,
824 1198 1007 1244 quantos
1042 1192 1207 1233 sonitus
1241 1204 1370 1244 super
1400 1204 1518 1232 arma
1545 1190 1702 1232 dedere

500 1263 616 1305 Ictus
650 1269 752 1315 quot
785 1263 946 1317 pariter
978 1263 1075 1304 telis
1108 1262 1376 1304 vibrantibus
1410 1262 1488 1310 alc.

503 1334 664 1376 Caesar
696 1341 741 1375 ut
773 1334 944 1388 aspexit
975 1334 1110 1376 fortes
1144 1334 1199 1375 ad
1232 1334 1368 1388 prelia
1400 1340 1561 1375 turmas

505 1405 684 1447 Currere
709 1412 751 1446 et
772 1406 815 1446 in
836 1405 977 1447 medio
1006 1412 1243 1448 certantem
1267 1419 1321 1446 ex
1342 1406 1512 1459 agmine
1539 1405 1710 1458 Regem,

501 1477 624 1519 Tunc
656 1477 826 1531 gelidus
859 1476 1006 1518 timido
1042 1478 1219 1531 sanguis
1251 1478 1295 1517 in
1324 1490 1500 1531 corpore
1534 1477 1701 1518 mansit.

502 1548 598 1589 Non
633 1562 763 1590 ausus
798 1555 963 1590 certare
996 1562 1138 1600 manu,
1173 1562 1254 1590 nec
1286 1548 1464 1590 tendere
1498 1556 1646 1589 contra

504 1619 634 1661 Stans
657 1620 700 1661 in
725 1633 834 1672 equo
858 1620 1031 1671 Caesar,
1054 1620 1340 1673 nequicquam
1363 1620 1497 1660 multa
1518 1620 1716 1661 volutans

501 1691 717 1732 Instaurat
749 1691 892 1733 verbis
926 1691 1042 1733 acies
1077 1697 1205 1744 atque
1240 1691 1404 1732 addidit
1438 1698 1595 1733 aestus.

504 1762 613 1803 Fata
646 1768 801 1804 vocant
833 1762 962 1804 hodie
994 1776 1073 1804 nos
1108 1762 1236 1804 credo
1269 1763 1442 1804 inimica
1474 1762 1672 1804 cohortes

505 1834 704 1886 Cesaree,
738 1841 932 1888 praestat
964 1835 1088 1877 nobis
1122 1835 1207 1876 iam
1241 1834 1396 1876 cedere
1429 1834 1542 1875 fatis.

503 1905 614 1947 Ante
646 1911 791 1947 tamen
823 1907 942 1948 vultu
975 1912 1209 1948 tractemus
1241 1907 1329 1947 tela
1362 1906 1482 1947 virili.

504 1977 629 2018 Nunc
661 1977 829 2019 virtutis
863 1991 985 2031 opus,
1021 1977 1169 2019 forsan
1203 1977 1501 2019 fraudabimus
1535 1977 1697 2019 hostes,

504 2048 752 2091 Extimuere
786 2062 948 2101 omnes,
983 2062 1069 2090 non
1103 2049 1198 2090 ausi
1230 2048 1408 2090 tendere
1443 2055 1591 2090 contra

506 2120 562 2162 Ut
595 2121 775 2174 primum
808 2120 955 2161 videre
990 2120 1123 2162 duces
1156 2133 1389 2175 properare
1422 2120 1637 2161 Bohemos

505 2191 734 2245 Arripuere
766 2192 914 2245 fugam
948 2192 1066 2246 passi
1099 2205 1185 2233 11011
1218 2192 1401 2246 amplius
1434 2192 1518 2245 ipsi

505 2262 634 2303 Arma
666 2263 855 2316 superba
887 2262 1021 2313 ducis,
1056 2263 1248 2305 victricia
1281 2270 1323 2303 et
1343 2262 1532 2315 undique
1556 2269 1709 2304 castra.

506 2334 747 2387 Diffugiunt
779 2334 929 2388 rapido
962 2334 1045 2374 iam
1082 2334 1282 2375 Caesaris
1317 2335 1489 2387 agmina
1522 2346 1662 2375 cursu.

506 2405 586 2446 Vix
620 2406 758 2447 evasit
791 2419 901 2458 equo
936 2405 1132 2446 dominus
1166 2405 1374 2447 devectus
1409 2405 1462 2446 ab
1498 2405 1597 2447 alto.

507 2476 616 2518 Hinc
649 2477 824 2530 sonipes
858 2476 1060 2518 defessus
1094 2483 1199 2527 erat,
1235 2476 1465 2517 sudoribus
1498 2484 1616 2517 artus

507 2548 762 2600 Fumabant,
796 2548 1009 2602 pulsuque
1043 2548 1187 2601 gravis
1221 2547 1351 2588 trahit
1383 2548 1455 2588 ilia
1487 2554 1624 2589 vasta.

507 2619 603 2660 Non
627 2619 808 2660 stimulis
829 2632 969 2672 neque
994 2619 1245 2660 verberibus
1270 2624 1492 2671 torquetur
1513 2631 1748 2671 aequorum
1764 2613 1809 2672 (1)

508 2690 666 2741 Turba,
701 2696 925 2732 cruentato
957 2690 1188 2744 portabant
1222 2703 1308 2741 ora,
1342 2691 1489 2744 lupato

510 2762 649 2812 Sicca,
683 2768 859 2815 gemunt
891 2762 1033 2803 raucis
1068 2767 1109 2802 et
1143 2761 1293 2803 creber
1325 2762 1541 2803 anhelitus
1573 2766 1708 2814 urget.

512 2833 714 2885 Vocibus,
750 2840 792 2874 et
826 2833 1041 2885 squallent
1075 2833 1235 2874 emissa
1268 2832 1435 2873 arentia
1466 2833 1613 2886 lingua

515 2904 706 2958 Corpora
739 2904 1031 2958 cornipedum,
1065 2916 1151 2944 non
1182 2904 1368 2957 impetus
1401 2903 1584 2958 amplius
1616 2902 1699 2944 illis
