1955 3278
325 129 392 162 242

320 924 388 958 340

319 1283 386 1316 345

320 1640 388 1673 350

318 1997 385 2030 355

317 2353 385 2386 :360

319 2708 385 2741 365

442 274 482 314 Is
516 272 669 314 virtute
702 285 793 323 sua,
826 271 925 313 forti
958 285 1125 325 quoque
1162 278 1334 326 pectore
1368 280 1409 313 et
1443 273 1571 315 armis

500 343 689 397 Dispulit
721 356 744 383 e
777 342 926 396 patriis
962 343 1143 384 Tartara
1176 350 1365 384 monstra
1398 343 1551 398 plagis.

442 414 580 464 Quam
614 420 761 467 gratus
795 412 966 454 domino
1000 422 1160 466 quanta
1194 413 1392 455 mercede
1427 414 1618 456 minister

501 486 542 526 Is
575 484 716 526 fuerat
749 484 869 530 coeli,
905 485 1089 525 maxima
1123 484 1248 536 signa
1281 484 1448 526 docent.

440 557 550 597 Nam
572 569 701 608 quum
723 555 975 610 praevalida
996 568 1184 609 pergens
1208 568 1283 610 per
1304 555 1523 610 inhospita
1551 564 1705 610 tesqua

501 628 640 668 Lassa
671 626 781 668 foret
815 626 986 666 nimium
1020 626 1175 667 bellica
1209 626 1333 667 turba
1365 626 1492 668 fame.

441 699 588 741 Oravit
622 698 837 739 dominum
871 697 1020 751 pansis
1054 697 1109 738 ad
1143 698 1299 751 sydera
1331 698 1499 752 palmis,

498 771 562 811 Ne
597 770 756 811 sineret
788 776 947 810 turmas
980 782 1116 821 usque
1149 770 1288 822 perire
1321 769 1450 816 fame,

438 842 547 882 Hinc
582 841 749 882 Christo
784 841 984 894 precibus
1018 839 1175 881 devoto
1208 846 1382 894 pectore
1416 841 1537 882 fusis.

500 912 692 954 Obtinuit
726 912 866 953 subito
900 912 1004 963 (Res
1036 908 1163 965 nova)
1197 925 1352 965 nempe
1385 912 1518 954 cibos.

438 985 546 1025 Nam
580 996 735 1037 agmen
769 996 989 1024 cervorum
1023 983 1138 1024 nullo
1172 983 1360 1037 pellente
1394 983 1610 1025 cucurritl

500 1056 547 1096 ln
581 1054 766 1095 medium
798 1055 958 1108 populi,
999 1053 1395 1108 quadripedumque
1433 1068 1582 1108 genus.

437 1131 576 1183 Atque
611 1127 729 1170 stetit
762 1126 977 1181 placidum
1010 1126 1151 1180 posita
1183 1126 1355 1167 feritate
1388 1132 1589 1180 patentur
1606 1124 1680 1181 (1)“2

496 1200 691 1254 Amplius
725 1199 778 1240 sit
810 1199 953 1239 nullus
988 1197 1130 1238 mitius
1165 1210 1263 1237 esse
1296 1197 1411 1248 velit,

440 1271 628 1322 Quilibet
650 1271 749 1312 hinc
771 1269 977 1323 praedam
1003 1276 1205 1321 quantum
1230 1281 1326 1309 mox
1351 1269 1530 1321 quisque
1554 1270 1729 1311 volebat

497 1343 696 1397 Captavit
728 1341 900 1383 sibimet
933 1340 1175 1381 conditione
1211 1354 1300 1381 sua.

436 1415 515 1456 Ast
549 1426 698 1455 omnes
731 1412 914 1467 dapibus
948 1412 1117 1453 fuerant
1152 1425 1279 1464 quum
1312 1411 1390 1453 rite
1423 1412 1599 1463 refecti3

498 1486 615 1535 Quas
648 1483 829 1525 dederat
862 1484 1013 1524 summi
1047 1482 1225 1524 dextera
1258 1483 1374 1524 celsa
1409 1482 1492 1533 dei,

437 1557 695 1598 Reddebant
727 1556 882 1608 dignas
916 1562 1034 1596 tanto
1068 1567 1142 1608 pro
1176 1567 1350 1595 munere
1384 1562 1530 1608 grates

498 1627 718 1669 Pulsando
750 1627 877 1668 laetis
912 1625 1077 1679 Sydera
1111 1625 1260 1667 dextra
1293 1625 1434 1666 sonis:

437 1701 554 1742 Laus
586 1699 676 1750 tibi,
711 1705 958 1740 cunctorum
991 1697 1168 1750 largitor
1202 1710 1365 1738 summe
1399 1696 1619 1747 bonorum„v

498 1770 623 1820 Quod
655 1783 734 1811 nos
767 1769 907 1811 esurie
941 1782 1025 1809 non
1057 1768 1161 1809 sinis
1195 1781 1330 1820 usque
1364 1769 1483 1810 mori.

436 1845 569 1884 Pasta
602 1842 681 1883 fuit
712 1842 871 1882 Manna
904 1839 1116 1893 quondam
1153 1840 1214 1881 sic
1246 1839 1371 1880 turba
1405 1839 1557 1890 fidelis,

496 1915 609 1955 Dum
641 1913 811 1966 fugeret
843 1911 1025 1952 Pharias
1059 1911 1359 1965 pulverulenta
1390 1910 1558 1964 plagas.

436 1986 650 2038 Petraque
685 1997 779 2025 cum
812 1982 997 2035 liquidas
1029 1982 1173 2023 tribuit
1208 1981 1434 2023 durissima
1467 1981 1667 2035 lymphas

497 2057 591 2106 Qua
625 2055 791 2097 strinxit
825 2055 983 2096 siccam
1022 2054 1148 2095 turba
1179 2053 1361 2093 molesta
1395 2053 1522 2104 sitim,

438 2128 620 2169 Caetera
654 2135 880 2181 praetereo
915 2125 1119 2166 miracula
1151 2138 1309 2177 magna
1341 2124 1510 2178 patroni

495 2200 622 2240 Istius
656 2198 802 2252 alpina
835 2196 1086 2239 candidiora
1118 2196 1227 2236 nive.

434 2271 544 2312 Nam
577 2270 678 2310 mihi
711 2269 892 2311 dictaret
924 2268 1128 2309 Phoebus
1148 2265 1162 2288 3
1197 2268 1231 2308 si
1264 2266 1389 2307 turba
1421 2279 1611 2308 sororum

495 2341 574 2382 Vix
607 2354 780 2395 possem
815 2340 992 2381 calamis
1026 2339 1215 2380 scribere
1249 2344 1403 2379 cuncta
1435 2338 1568 2388 meis;

435 2413 643 2466 Hungara
676 2412 754 2453 sed
788 2411 925 2465 pubes
958 2410 1110 2451 laudes
1143 2422 1255 2450 nunc
1283 2416 1514 2463 concrepet
1538 2408 1688 2460 omnis,

497 2484 620 2533 Quod
653 2490 771 2524 tanto
806 2482 1020 2535 quondam
1053 2481 1245 2535 principe
1280 2480 1412 2533 digna
1444 2479 1533 2520 fuit.

436 2555 589 2595 Martia
622 2567 701 2595 ceu
734 2555 930 2595 tetricum
964 2551 1151 2594 deflebat
1183 2552 1317 2592 Roma
1351 2551 1558 2592 Catonem
1578 2550 1594 2572 4

496 2626 659 2667 Taliter
691 2625 804 2665 hunc
835 2624 953 2665 flevit
985 2623 1124 2677 patria
1156 2624 1281 2665 turba
1313 2623 1460 2664 virum.

437 2697 599 2738 Floruit
631 2696 833 2737 Albertus
866 2708 1024 2748 magna
1057 2694 1255 2735 mercede
1290 2693 1494 2735 sacerdos

496 2768 722 2809 Ecclesiae
754 2767 882 2808 robur
915 2765 1248 2820 pontificumque
1283 2764 1429 2806 decus.

439 2862 449 2881 ¹
475 2861 614 2895 cucurit
633 2861 675 2894 A.
717 2860 728 2878 ‘³
754 2860 928 2903 Apponyi
952 2857 1140 2902 peld.—ban
1166 2858 1357 2903 kijavitva:
1379 2859 1557 2900 patenter.
1597 2857 1610 2875 ³
1636 2856 1806 2891 Phoebi?

319 2922 332 2940 ⁴
361 2921 502 2956 Rhoma
529 2920 721 2954 cathonem
748 2920 788 2952 A.
