1955 3278
90 359 178 394 1035

87 713 178 748 1040

87 1068 176 1102 1045

87 1424 176 1458 1050

87 1780 176 1815 1055

88 2136 178 2170 1060

89 2492 177 2526 1065

90 2847 180 2881 1070

1499 137 1571 171 325

236 279 290 320 Ε1
323 279 508 321 Seticam
540 291 721 333 peucen,
754 278 1014 332 viduataque
1046 293 1182 334 regna
1203 280 1426 334 pharetris.

235 350 453 391 Parebunt
485 349 698 401 deminuo,
733 349 1037 403 celebrataque
1070 351 1240 404 pectine
1274 352 1400 393 tellus

234 421 402 462 Meonio
434 421 475 462 in
509 434 642 474 regno
676 419 851 461 stabunt
885 421 1085 473 clareque
1119 422 1297 471 Micene.

233 491 485 545 Magnorum
517 491 692 533 heroum
726 490 852 532 cedet
884 491 965 532 sibi
996 492 1133 545 gloria
1164 493 1345 545 lausque

236 562 418 613 Corvini,
452 562 644 615 quamvis
678 567 766 603 toto
798 568 1028 603 veneretur
1059 563 1112 605 ab
1147 564 1248 605 orbe

234 633 433 684 Matthias,
466 638 703 674 memorant
726 645 851 685 quem
874 632 1001 674 docta
1029 634 1245 675 volumina
1267 641 1421 675 vatum.

234 704 415 758 Templa
446 709 564 745 tenet
595 704 748 745 Petrus
780 704 961 757 primum
995 704 1242 746 Colocentia
1274 706 1419 759 presul

234 775 423 816 Thomas
456 775 677 828 Agriensis
699 774 902 827 sequitur,
937 787 1063 827 quem
1082 781 1225 817 mente
1246 784 1430 817 venusta

234 846 402 887 Numen
421 846 588 888 habens
612 845 795 900 populis,
816 846 921 899 regi,
945 846 1213 899 dominisque
1236 847 1440 888 Bohemis

235 917 448 967 Sanctius,
483 917 671 958 admisso
706 930 799 959 cum
833 930 1005 970 semper
1036 917 1190 958 adurat
1222 931 1375 959 amore.

233 987 532 1029 Varradiensis
563 987 679 1029 idem
712 988 862 1029 celesti
894 1001 1068 1029 munere
1102 988 1256 1042 dignus

234 1059 447 1113 Tempora
478 1059 669 1110 vittatus,
704 1060 774 1112 qui
805 1073 910 1113 puro
943 1073 1155 1101 murmure
1189 1073 1355 1101 sacrum

235 1130 428 1171 Concinit
461 1130 661 1182 officium,
696 1131 869 1172 meliore
903 1131 981 1173 sed
1013 1132 1159 1185 aspice
1192 1138 1296 1172 nutu

232 1201 356 1242 Hunc
388 1201 530 1253 alium,
565 1202 729 1243 electus
762 1202 884 1243 titulo
919 1202 996 1244 sub
1030 1202 1173 1243 nobile
1207 1202 1393 1255 quinque

232 1272 522 1313 Ecclesiensis
553 1272 679 1324 inest,
714 1273 828 1314 claro
862 1272 915 1314 de
950 1279 1173 1314 stemmate
1206 1280 1333 1314 natus

235 1342 561 1396 Sygismundus‚
596 1343 687 1385 avis
722 1356 822 1397 spes
856 1343 1005 1385 addita
1036 1344 1167 1397 longa
1200 1345 1394 1386 vetustis.

234 1414 406 1463 Quanta
436 1414 479 1455 in
510 1414 592 1456 hoc
625 1416 765 1468 pietas
799 1420 841 1456 et
864 1421 1024 1468 quanta
1044 1416 1087 1456 in
1109 1416 1281 1469 presule
1302 1416 1436 1457 virtus

232 1486 460 1539 Regnabit,
495 1492 698 1538 quantum
730 1485 832 1527 fidei
864 1486 1124 1540 prestabitur
1154 1487 1238 1528 isti.

234 1557 396 1610 Diliget
431 1557 630 1610 egregios
663 1570 818 1609 mores,
852 1557 1068 1610 vitamque
1101 1557 1315 1612 pudicam,

234 1628 515 1681 Doctiloquos
549 1628 680 1669 multo
717 1628 868 1669 ditabit
902 1634 943 1669 et
977 1642 1076 1670 aere
1109 1634 1276 1682 poetas.

235 1698 269 1740 O
302 1699 407 1740 felix
439 1700 613 1741 nimium
645 1700 822 1742 laudata
854 1700 1063 1742 Bohemia
1094 1707 1193 1742 vate

233 1772 372 1823 Atque
406 1771 535 1813 beata
568 1771 665 1813 duci
697 1771 825 1813 sedes
858 1784 1066 1825 compone
1100 1771 1287 1812 tonantis

232 1842 287 1883 Et
320 1849 448 1897 caput
479 1843 643 1897 imperii
679 1848 881 1884 contenta
912 1842 1085 1896 preside
1118 1842 1252 1883 Roma

233 1913 387 1954 Induet
419 1914 618 1967 astrigeri
649 1914 791 1955 vultus
825 1920 867 1955 et
900 1914 1069 1955 Cesaris
1101 1914 1183 1955 iste

234 1984 486 2026 Turbabunt
519 1985 662 2038 aliqui,
697 1985 871 2038 cupient
904 1991 945 2026 et
978 1991 1143 2026 vertere
1178 1985 1306 2026 sedes

235 2055 455 2098 Seditione
488 2057 608 2104 truci,
640 2056 840 2110 reprimet
871 2056 1100 2110 prudentia
1132 2057 1242 2097 tales

235 2126 459 2181 Principis,
494 2127 682 2181 expellet
713 2140 847 2180 regno
880 2126 1174 2181 profugosque
1206 2127 1392 2169 rebelles

234 2198 343 2239 Esse
366 2198 493 2250 volet,
515 2198 776 2251 meritasque
800 2211 943 2249 neces,
969 2198 1265 2251 scelerumque
1288 2198 1455 2240 furores

236 2269 479 2323 Conpescet
511 2270 667 2323 gladiis
701 2275 903 2323 superato
938 2269 1097 2310 Cesare
1131 2270 1287 2311 saevis.

235 2340 343 2382 Urse
375 2346 471 2382 tuos
504 2341 670 2382 imitare
704 2340 836 2381 duces
869 2339 1110 2393 grataberis
1144 2340 1253 2381 olim.

234 2411 323 2453 Hos
355 2417 582 2465 postquam
614 2417 737 2453 vates
772 2411 964 2464 geminos
997 2424 1074 2465 per
1107 2411 1277 2465 singula
1300 2411 1419 2452 duxit

234 2482 439 2524 Aetherei
471 2484 623 2537 campi,
659 2482 887 2535 docuitque
920 2482 1170 2535 propaginis
1204 2495 1370 2523 omnem

235 2553 423 2602 Venturi}
457 2560 629 2606 sortem,
662 2555 749 2595 late
782 2554 957 2607 regione
991 2560 1215 2607 vagantur.

235 2624 541 2678 Ardebantque
575 2625 705 2666 animi
737 2625 879 2666 famae
913 2625 1146 2666 crescentis
1181 2638 1338 2666 amore.

235 2696 344 2736 Exin
378 2702 681 2737 commemorat
713 2708 794 2749 quc
828 2702 926 2736 sunt
957 2694 1209 2748 peragenda
1240 2695 1441 2746 vicissim,

235 2767 556 2819 Romanamque
577 2773 720 2808 monet
743 2767 919 2821 prolem,
944 2778 1229 2820 proceresque
1253 2772 1437 2819 togatos.

236 2838 399 2879 Emittit
431 2838 604 2879 tandem
638 2838 754 2879 clara
786 2844 1004 2890 totamque
1039 2843 1254 2878 catervam

236 2909 474 2963 Belligeros
508 2909 674 2961 equites
706 2914 914 2963 portaque
949 2908 1041 2949 sola
1072 2912 1279 2961 receptat.
