1955 3278
332 139 401 174 <204

336 280 380 337 [f.
414 279 526 335 l5af]
574 281 887 322 admoneantur
918 281 1101 322 maxime
1133 281 1359 323 verborum
1404 287 1598 335 tempora
1629 282 1823 334 generali

335 353 517 407 quadam
552 353 830 407 preceptione
854 352 1064 403 derivare,
1099 359 1141 393 et
1164 365 1216 393 ea
1237 365 1347 405 quae
1370 351 1485 406 apud
1506 352 1604 393 illos
1625 349 1823 405 ἀνώμαλα.

334 425 466 467 verba
511 430 608 465 sunt
651 433 855 476 tanquam
900 433 1067 477 ungues
1113 424 1311 465 calleant.
1363 423 1434 465 Sic
1472 423 1583 465 enim
1620 423 1823 465 facillime

335 496 447 549 quod
480 496 522 536 in
556 509 609 536 ea
640 495 788 548 lingua
821 495 1090 536 utilissimum
1134 501 1213 547 est,
1247 508 1402 536 nomen
1435 508 1461 535 a
1494 495 1625 536 verbo
1659 501 1701 536 et
1732 508 1823 536 ver-

334 567 481 608 borum
526 573 721 620 tempora
766 566 894 607 etiam
927 566 1062 620 prima
1094 566 1233 607 fronte
1268 565 1525 618 discernent,
1566 566 1648 608 hoc
1681 572 1824 607 autem

335 645 377 680 et
416 637 630 690 frequenti
675 643 717 678 et
762 636 957 690 diligenti
1001 637 1295 691 praeceptoris
1338 637 1681 690 interrogacione
1726 650 1824 679 con-

335 715 579 762 sequentur.
614 708 827 749 Paulatim
873 708 1029 749 deinde
1075 708 1129 749 ad
1164 709 1372 762 sciptores
1418 708 1745 762 progredientur
1784 713 1825 750 et

335 781 390 822 ad
425 793 500 822 eos
546 780 694 834 primo,
743 779 813 832 qui
844 780 887 820 in
935 780 1075 821 soluta
1120 780 1311 821 oratione
1356 780 1574 821 faciliores
1620 786 1730 829 sunt,
1771 792 1825 820 ne

336 852 435 893 dum
469 852 783 893 sentenciarum
830 851 1022 905 pondere
1067 851 1264 892 laborare
1300 857 1522 904 coguntur,
1560 851 1604 892 id
1638 850 1752 904 quod
1783 850 1826 891 in

334 923 553 977 principiis
586 922 768 963 maxime
803 922 1112 973 desideramus,
1156 923 1400 976 regularum
1434 935 1540 975 quas
1573 922 1826 974 didicerunt,

336 993 707 1035 confirmacionem
755 993 1007 1034 ommittant.
1062 994 1118 1035 Ut
1162 994 1291 1047 igitur
1328 994 1423 1035 libri
1462 993 1654 1035 duriores
1689 1000 1825 1046 erunt,

334 1066 394 1106 ita
427 1064 688 1119 posteriores
722 1064 784 1105 eis
816 1063 1051 1105 tradantur.
1087 1064 1153 1105 Ad
1175 1072 1396 1119 poetarum
1420 1071 1572 1119 postea
1592 1065 1827 1119 principem

335 1137 564 1177 Homerum
609 1135 875 1189 pervenient,
923 1136 994 1188 qui
1041 1133 1084 1189 [f.
1122 1134 1232 1189 1510]
1283 1137 1391 1178 sicut
1435 1136 1592 1177 nostris
1631 1136 1827 1177 omnibus

335 1208 496 1249 fontem
536 1206 750 1260 quendam
795 1207 996 1261 prebuise
1042 1207 1224 1259 videtur,
1270 1207 1330 1248 ita
1362 1207 1417 1248 ad
1452 1207 1702 1249 discendum
1742 1220 1827 1249 non

337 1278 524 1320 difficilis
558 1284 637 1330 est⁷
671 1278 771 1319 hinc
805 1278 882 1319 erit
914 1278 989 1319 illa
1021 1278 1150 1319 animi
1181 1278 1438 1330 iocunditas,
1472 1285 1517 1319 ut
1542 1278 1706 1331 Virgilii
1737 1279 1828 1319 imi·

336 1350 550 1391 tacionem
574 1350 857 1403 contemplari
880 1356 1053 1402 queant,
1079 1350 1149 1402 qui
1171 1356 1372 1403 tanquam
1398 1350 1440 1390 in
1464 1350 1639 1403 speculo
1662 1349 1829 1391 Eneida

337 1421 392 1462 ad
425 1421 538 1462 illius
573 1434 705 1475 opera
750 1420 1015 1463 confirmavit
1048 1421 1157 1463 adeo
1192 1427 1235 1462 ut
1268 1422 1402 1462 ferme
1438 1421 1543 1462 nihil
1575 1422 1618 1462 in
1651 1421 1828 1475 Virgilio

338 1493 636 1546 comperiatur,
684 1493 797 1545 quod
841 1492 955 1533 idem
989 1493 1103 1547 apud
1150 1493 1379 1534 Homerum
1414 1506 1499 1534 non
1533 1493 1600 1542 sit,
1645 1506 1726 1534 nec
1758 1505 1828 1534 res

336 1570 514 1615 tantum,
561 1564 639 1605 sed
672 1570 714 1605 et
746 1577 898 1606 versus
943 1564 1148 1618 plurimos
1193 1564 1369 1605 verbum
1414 1564 1470 1605 ad
1515 1564 1691 1605 verbum
1728 1563 1828 1605 inde

338 1636 569 1677 translatos
604 1635 951 1686 considerabunt,
987 1635 1095 1677 sicut
1128 1636 1241 1677 idem
1270 1649 1437 1688 quoque
1462 1642 1505 1676 et
1525 1635 1577 1677 de
1610 1635 1830 1676 Theocriti

338 1707 553 1748 Bucolicis
588 1713 630 1748 et
662 1707 841 1748 Hesiodi
868 1706 1091 1760 Georgicis
1115 1707 1169 1748 ab
1195 1720 1244 1747 eo
1266 1706 1504 1747 factitatum
1528 1712 1605 1748 est.
1638 1706 1829 1759 Reliquis

339 1778 494 1819 deinde
541 1784 583 1819 et
616 1778 800 1819 heroicis
847 1785 888 1819 et
920 1777 1097 1831 tragicis
1144 1785 1185 1819 et
1219 1777 1391 1819 comicis
1427 1777 1702 1828 insudabunt,
1747 1777 1830 1818 hoc

337 1850 543 1904 imprimis
578 1856 765 1901 servent,
809 1856 854 1889 ut
888 1849 930 1889 in
964 1862 1017 1890 ea
1049 1849 1197 1902 lingua
1228 1849 1533 1890 vocabulorum
1577 1848 1829 1890 varietatem

338 1929 379 1962 et
413 1922 580 1975 copiam
616 1921 768 1974 quibus
804 1934 857 1961 ea
888 1921 1070 1961 maxime
1104 1919 1340 1969 habundat,
1390 1933 1473 1960 non
1506 1927 1594 1960 tam
1626 1920 1829 1961 memoria

339 2006 465 2045 quam
499 1999 540 2033 et
574 1992 744 2046 scriptis
778 1992 996 2046 colligant,
1040 1989 1126 2045 [fol.
1161 1989 1272 2045 lssaqj
1322 1998 1451 2043 atque
1486 2004 1536 2032 eo
1569 1991 1831 2044 promptiora

339 2070 474 2115 erunt,
511 2063 546 2104 si
578 2064 621 2104 in
655 2063 846 2105 ordinem
874 2063 1054 2105 redacta
1075 2063 1247 2105 fuerint.
1282 2063 1347 2103 Ex
1369 2063 1451 2104 hac
1479 2063 1591 2103 enim
1615 2061 1831 2103 scribendi

340 2134 593 2176 assiduitate
641 2135 769 2175 menti
817 2135 953 2188 magis
998 2134 1294 2188 imprimuntur
1327 2141 1369 2174 et
1403 2139 1608 2174 accentus
1654 2146 1830 2185 quorum

340 2219 478 2247 sermo
512 2206 583 2247 ille
617 2206 771 2259 plenus
806 2212 870 2246 est
902 2206 1088 2259 pericius
1121 2212 1337 2255 notantur,
1371 2211 1444 2245 aut
1477 2205 1512 2245 si
1544 2205 1654 2245 forte
1687 2214 1731 2244 ut
1765 2211 1831 2245 est

341 2277 543 2318 memoria
577 2277 718 2317 labilis
753 2276 1009 2328 effluxerint,
1044 2276 1264 2318 habebunt
1310 2289 1480 2330 semper
1513 2289 1594 2328 quo
1628 2282 1831 2328 tanquam

341 2349 383 2389 in
417 2348 686 2388 Thesaurum
720 2362 766 2389 se
799 2348 1021 2402 recipiant.
1065 2347 1336 2401 Quapropter
1367 2347 1409 2387 id
1444 2360 1527 2387 non
1561 2346 1832 2388 mediocriter

343 2418 567 2469 conducet7
603 2419 638 2460 si
667 2419 886 2460 excribere
921 2419 975 2460 ab
1008 2419 1135 2460 inicio
1170 2418 1408 2469 didicerint,
1434 2424 1475 2459 et
1497 2418 1539 2459 in
1563 2430 1614 2459 eo
1636 2430 1681 2458 se
1704 2417 1830 2458 vehe-

341 2497 506 2531 menter
551 2491 833 2541 exercuerint,
880 2490 992 2543 quod
1027 2490 1160 2531 eciam
1208 2490 1263 2530 ad
1296 2489 1472 2542 legendi
1505 2488 1828 2542 expedicionem

342 2574 426 2602 non
459 2575 607 2615 parum
642 2561 847 2602 conferet.
884 2561 966 2603 Ubi
999 2574 1099 2602 vero
1133 2560 1398 2613 aliquantum
1419 2559 1637 2614 progressi
1659 2559 1830 2610 fuerint,

341 2640 441 2674 tunc
474 2634 542 2674 vel
588 2647 640 2674 ex
672 2646 829 2686 graeco
875 2632 917 2673 in
949 2632 1127 2673 latinum
1173 2633 1241 2672 vel
1275 2646 1327 2673 ex
1372 2632 1503 2672 latino
1547 2631 1590 2672 in
1629 2643 1831 2684 graecum

343 2711 508 2744 vertere
552 2704 771 2758 incipient,
822 2717 903 2756 quo
950 2716 1109 2757 genere
1155 2703 1482 2744 exercitacionis
1526 2702 1831 2756 proprietatem

345 2774 702 2828 splendoremque
721 2775 947 2816 verborum
971 2780 1013 2815 et
1030 2774 1406 2828 promptitudinem
1431 2774 1604 2827 linguae
1627 2772 1831 2814 facillime

345 2846 665 2899 comparabunt.
714 2846 847 2887 Multa
881 2846 992 2886 enim
1032 2858 1140 2897 qaae
1189 2842 1276 2898 [fol.
1315 2843 1427 2899 16b.]
1463 2845 1681 2897 legentem
1721 2843 1831 2884 forte

344 2918 554 2969 fallerent,
588 2918 918 2959 transferentem
952 2917 1067 2958 nullo
1101 2917 1226 2958 modo
1248 2917 1399 2969 fugere
1422 2923 1615 2970 possunt.
1650 2915 1832 2967 Nehogy
