1898 3278
308 170 374 204 118

307 314 474 355 silentio
520 314 652 354 hocce
699 313 966 367 tempusculo
1013 312 1320 367 opprimendae
1355 319 1465 354 sunt.
1514 312 1644 354 Dabit
1678 319 1793 354 certe

305 385 411 426 deus
445 385 629 438 optimus
662 384 885 435 maximus,
932 384 1051 426 dabit
1083 384 1199 425 aliud
1244 384 1450 425 laudandi
1482 390 1664 437 tempuS,
1711 397 1793 437 quo

305 462 346 496 et
378 462 493 496 tuam
535 461 577 496 et
623 455 780 496 avitam
827 455 1004 508 gloriam
1052 455 1212 496 affatim
1261 468 1426 505 canam,
1473 455 1701 505 celebrem,
1743 468 1793 496 ac

305 532 426 567 extra
471 525 774 567 mortalitatem
820 526 1038 567 collocem.
1095 525 1250 566 Verum
1294 525 1564 567 liberalitatis
1608 532 1707 566 tuae
1753 532 1794 566 et

303 596 633 644 munificentiae,
666 609 749 648 qua
782 596 900 637 nulla
932 596 1030 637 duci
1062 597 1194 637 virtus
1228 596 1391 637 dulcior
1424 609 1521 637 esse
1554 603 1697 650 potest
1731 595 1794 647 (ut

303 668 713 721 Epigrammatarius
743 667 897 708 cecinit
920 665 1060 720 vates)
1094 667 1314 709 immemor
1347 680 1444 709 esse
1466 680 1546 708 nec
1579 667 1689 718 volo,
1714 680 1793 708 nec

302 751 492 792 possum.
535 737 629 787 Qua
661 739 856 779 literatos
890 738 1123 780 clementer
1154 738 1291 789 foves,
1326 752 1409 791 qua
1442 744 1592 780 caetus
1625 739 1792 792 religio-

303 822 388 859 sos,
423 809 642 850 cotidiana
674 809 765 850 fere
799 808 1002 850 alimonia
1034 810 1194 863 pascis,
1241 823 1325 862 qua
1357 810 1518 863 templa
1557 810 1718 850 extruis
1752 816 1793 851 et

304 893 501 931 exornaS,
537 894 620 933 qua
653 880 833 921 clientes
867 886 962 920 tuos
987 886 1029 920 et
1050 893 1199 921 servos
1221 881 1476 934 locupletas,
1501 894 1585 933 qua
1607 880 1793 933 denique

301 965 368 992 me
395 951 726 992 infantissimum
751 957 793 991 et
816 951 1087 992 rudissimum
1111 951 1431 992 homuntionem
1455 964 1592 1005 nuper
1613 951 1792 992 ubertim

302 1022 530 1071 decorasti,
566 1028 607 1063 et
641 1022 739 1062 olim
773 1019 833 1074 (ut
862 1025 1005 1075 spero)
1040 1021 1276 1063 decorabis.
1312 1022 1404 1072 Quo
1428 1022 1595 1064 virtutis
1617 1035 1792 1064 munere

303 1100 504 1146 quantum
540 1093 673 1134 nostri
707 1093 870 1134 saeculi
898 1093 1100 1134 mortales
1124 1093 1200 1134 tibi
1225 1093 1504 1135 obstrinxeris
1525 1093 1642 1134 haud
1664 1093 1792 1135 facile

302 1164 491 1205 dixerim.
527 1163 619 1213 Quo
654 1164 768 1205 circa
801 1164 862 1215 (ut
896 1164 949 1205 de
984 1164 1079 1205 aliis
1102 1163 1268 1218 sileam)
1303 1178 1387 1217 qua
1418 1178 1464 1206 re
1497 1172 1597 1205 tuae
1630 1164 1792 1217 magni-

301 1235 499 1277 ficentiae
533 1234 750 1287 gratificer
782 1248 957 1288 prorsus
990 1236 1154 1288 ignoro,
1190 1241 1253 1276 tot
1286 1249 1469 1288 namque
1503 1241 1546 1276 et
1577 1240 1699 1276 tanta
1720 1240 1793 1276 tua

302 1314 399 1347 sunt
432 1306 472 1346 in
507 1318 573 1346 me
609 1311 817 1358 congesta
848 1306 1074 1357 beneficia,
1121 1312 1166 1347 ut
1201 1320 1285 1348 non
1318 1320 1393 1361 pro
1426 1306 1588 1349 meritis
1627 1312 1792 1347 torrens

301 1376 507 1418 facundia
524 1382 670 1429 grates
690 1376 801 1417 ferre
820 1382 976 1430 potest,
1001 1383 1171 1418 centum
1195 1391 1279 1418 non
1303 1391 1377 1419 ora
1401 1378 1600 1419 sonantia
1619 1377 1790 1431 linguis.

302 1448 408 1489 Nam
444 1455 487 1488 ut
521 1449 710 1489 omittam
745 1448 999 1489 facilitatem
1032 1455 1148 1489 tuam
1181 1449 1434 1501 mirandam,
1469 1462 1553 1502 qua
1583 1462 1649 1489 me
1671 1448 1792 1502 igno-

302 1525 388 1560 tum
424 1527 466 1560 et
494 1519 767 1573 peregrinum
788 1519 1004 1570 invitasti3
1038 1519 1221 1561 frontem
1250 1520 1490 1574 sydeream,
1525 1534 1610 1573 qua
1632 1534 1699 1561 me
1721 1533 1791 1561 ex-

302 1590 480 1644 cepisti;
527 1603 673 1632 vocem
716 1597 977 1642 nectaream,
1026 1604 1110 1643 qua
1153 1605 1219 1632 me
1266 1592 1523 1646 appellasti3
1571 1591 1791 1633 dexteram

300 1661 467 1702 virtutis
513 1668 554 1702 et
587 1661 687 1702 fidei
720 1662 906 1715 plenam,
953 1675 1079 1714 quam
1113 1663 1216 1703 mihi
1249 1663 1501 1716 porrexisti;
1547 1675 1689 1704 nonne
1722 1662 1792 1703 vel

299 1732 405 1773 illud
450 1733 676 1774 maximum
723 1739 801 1782 est,
849 1746 975 1785 quom
1020 1747 1085 1774 1116
1132 1734 1375 1775 clericalem
1421 1734 1551 1775 vitam
1591 1733 1790 1774 initurum

300 1817 525 1857 cognoras,
560 1810 604 1844 ut
637 1817 704 1845 me
739 1817 822 1844 non
857 1804 992 1850 solum
1026 1804 1375 1858 magnificent-iae
1402 1810 1517 1856 tuae,
1552 1803 1631 1845 sed
1663 1804 1790 1845 etiam

300 1875 464 1928 patriae
482 1875 848 1929 locupletissimae
868 1875 1026 1916 arctius
1049 1876 1358 1929 adstringeres,
1380 1874 1636 1917 beneficium
1660 1875 1790 1916 bene-

300 1946 439 1993 ficum,
474 1946 675 2000 amplum,
710 1931 985 1998 tranquillum
1020 1953 1062 1987 et
1088 1953 1308 2000 repostum
1342 1946 1444 1987 mihi
1477 1945 1789 1999 designaveris,

299 2017 372 2058 ubi
404 2016 608 2058 flexuosis
641 2017 862 2071 palmitum
895 2017 1089 2072 lapsibus
1123 2018 1308 2059 animum
1344 2018 1599 2069 exhilarare,
1633 2017 1790 2058 viteam

299 2088 507 2142 porticum
551 2088 733 2140 ingredi,
780 2088 962 2129 frondea
1007 2095 1121 2130 tecta
1168 2089 1325 2140 subire,
1370 2088 1587 2140 vitamque
1633 2087 1789 2129 ducere

299 2160 476 2212 poterim
507 2159 831 2212 quietissimam,
865 2159 1315 2212 iucundissimamque.
1350 2159 1590 2200 Prudenter
1609 2158 1652 2200 id
1674 2165 1788 2200 certe

298 2230 484 2281 factum3
519 2230 631 2271 nosti
654 2243 837 2283 namque
865 2244 1011 2272 musas
1045 2231 1265 2284 sylvaticis
1299 2231 1491 2285 gaudere
1515 2230 1724 2272 viroribus
1747 2236 1788 2270 et

298 2301 476 2342 fontano
510 2301 718 2343 delectari
752 2302 1039 2342 susurramine
1065 2337 1072 2344 .
1100 2337 1107 2343 .
1135 2336 1142 2343 .
1178 2301 1265 2343 Sed
1298 2300 1338 2356 (o
1370 2299 1583 2356 Juppiter)
1616 2301 1787 2342 ubinam

298 2373 489 2426 gentium
522 2373 655 2413 musis
689 2373 809 2423 meis,
856 2386 983 2425 quam
1017 2373 1131 2427 apud
1164 2380 1219 2424 te,
1267 2373 1443 2414 Gabriel
1486 2371 1788 2413 munificentis-

300 2444 418 2493 sime,
442 2443 593 2484 melius
618 2444 858 2484 consultum
878 2443 1053 2484 fuisset!
1080 2445 1150 2496 qui
1174 2444 1271 2484 fons
1293 2457 1340 2485 es
1362 2443 1786 2489 exuberantissimus,

300 2520 341 2555 et
375 2514 652 2555 diversoriolo
684 2514 785 2554 mihi
809 2514 1028 2568 deputato,
1064 2514 1178 2566 quod
1199 2527 1350 2555 nemus
1372 2521 1437 2555 est
1457 2513 1786 2555 floridissimum.

299 2585 363 2625 Tu
388 2584 683 2626 mediusfidius
706 2585 804 2626 fons
838 2598 885 2626 es
918 2585 989 2625 ille
1013 2585 1248 2627 Pirenaeus
1283 2583 1322 2639 (e
1346 2585 1508 2639 primae
1529 2585 1722 2638 syllabae
1744 2585 1786 2625 in

298 2655 569 2707 idemutata)
599 2663 820 2709 poetarum
851 2656 1131 2698 concentibus
1161 2656 1563 2705 decantatissimus;
1599 2655 1786 2697 diverso-

296 2726 445 2767 riolum
471 2740 569 2767 vero
592 2740 742 2768 nemus
762 2727 867 2768 illud
896 2726 1050 2777 (ΕΠΙΟ1
1076 2728 1186 2768 enim
1210 2728 1459 2769 Pannonice
1482 2740 1632 2768 nemus
1654 2727 1786 2768 latine

299 2797 526 2849 significat)
581 2798 819 2839 camaenali
867 2797 1154 2839 modulamine
1202 2798 1637 2851 famigeratissimum.
1690 2797 1786 2837 Non

421 2948 426 2966 ¹
461 2964 492 2976 τι
530 2949 635 2982 Erdo'.
