1955 3278
1538 118 1604 151 183

122 267 261 317 ipsum
294 262 504 304 invitem?
544 275 828 314 nequaquam,
864 261 940 302 sed
975 274 1056 313 (1110
1091 261 1315 302 ostendam
1350 274 1475 314 quam
1509 275 1607 302 con-

123 335 232 376 sulte
267 333 655 375 Christianissimus
694 332 893 386 princeps
926 339 1071 372 noster
1103 332 1347 373 Ludovicus
1379 345 1606 385 regnorum

120 404 369 457 Hungariae
403 410 445 445 et
478 403 712 445 Bohemiae
745 415 820 443 rex
852 402 1156 443 invictissimus
1193 403 1357 455 aegerit
1389 399 1447 456 (!),
1494 403 1607 456 quod

121 482 147 517 t.
181 490 218 529 g.
247 489 298 517 m.
335 473 380 529 (1)
411 474 829 527 indulgentissimum
863 473 1048 514 omnium
1083 479 1124 514 et
1149 473 1363 514 literarum
1398 480 1439 514 et
1466 474 1607 515 litera-

121 553 256 587 torum
291 545 586 586 Mecaenatem
626 544 706 586 sibi
745 544 926 585 voluerit
962 557 1059 584 6336
1093 557 1118 584 3
1154 545 1330 585 36016113
1365 550 1492 597 atque
1535 545 1606 586 1110

121 617 374 670 magistratu
408 615 645 665 honoravit,
680 628 761 667 quo
792 615 871 655 soli
900 615 1116 655 literarum
1141 622 1182 655 et
1204 615 1442 668 sapientiae
1465 616 1608 657 candi-

122 688 210 729 dati
234 687 353 740 digni
377 692 618 738 censentur,
646 686 815 738 qualem
839 692 954 726 tuam
979 686 1172 727 novimus
1198 698 1294 726 esse
1313 687 1606 739 prestantiam,

122 758 191 811 qui
224 772 348 799 omne
382 772 407 798 a
428 771 473 798 re
507 757 677 798 militari
710 763 837 809 atque
870 756 1033 810 reipub.
1069 756 1436 798 administratione
1471 758 1608 798 ocium

121 829 176 870 ad
208 829 424 869 literarum
457 828 613 879 studia,
660 828 791 869 veluti
824 827 957 868 Maior
992 827 1150 881 Scipio,
1196 828 1350 881 iugiter
1395 829 1608 869 convertis

121 900 369 941 existimans
414 913 508 940 cum
541 899 679 939 Plinio
726 912 849 939 omne
884 899 1022 952 perire
1062 906 1231 952 tempus
1273 899 1384 951 quod
1418 913 1499 939 non
1534 900 1608 940 im-

119 971 334 1024 parciatur
366 970 499 1011 literis
533 970 625 1011 sine
661 969 813 1022 quibus
847 975 891 1010 ut
919 970 1062 1011 aiebat
1098 970 1264 1011 Seneca
1299 970 1436 1011 ocium
1469 971 1608 1024 ipsum

120 1055 231 1083 mors
279 1047 345 1083 est
377 1054 427 1081 ac
460 1041 545 1082 vivi
590 1040 773 1081 hominis
815 1041 1046 1095 sepultura.
1099 1040 1186 1082 Sed
1219 1040 1319 1093 quid
1360 1054 1466 1094 opus
1500 1041 1609 1082 haec

122 1113 211 1154 sole
245 1112 427 1153 clariora
460 1110 701 1165 detegere‘.>
735 1112 790 1152 ad
814 1119 1003 1153 nostrum
1033 1112 1270 1152 institutum
1295 1112 1443 1166 pocius
1467 1112 1608 1154 stilum

120 1189 435 1234 convertentes,
468 1183 789 1236 gratulabimur,
823 1196 907 1224 11011
941 1190 1027 1223 13111
1061 1183 1173 1235 (111οᾶ
1208 1183 1340 1224 virtus
1372 1184 1608 1237 praemium

121 1260 249 1295 nacta
282 1254 348 1305 sit,
383 1267 509 1306 quam
544 1253 657 1306 quod
691 1253 809 1307 digni
843 1254 1008 1295 virtutis
1042 1254 1202 1307 premio
1229 1254 1305 1294 viri
1326 1254 1607 1308 reperiantur,

121 1338 245 1379 porro
280 1326 315 1366 si
347 1338 434 1366 rem
468 1325 643 1379 propius
677 1325 1004 1379 inspexerimus,
1052 1325 1318 1367 offendemus
1352 1339 1436 1366 non
1469 1326 1607 1367 minus

119 1396 293 1449 dignum
318 1396 542 1437 Thursone
568 1396 862 1449 magistratum
894 1410 1019 1448 quam
1043 1396 1309 1438 Thursonem
1341 1397 1606 1450 magistratu,

118 1467 200 1508 11110
234 1466 535 1518 dubitabimus,
582 1473 682 1508 111116
716 1468 812 1521 plus
852 1468 1023 1509 honoris
1058 1468 1250 1509 attuleris
1291 1475 1437 1509 tantae
1472 1468 1607 1522 digni-

118 1539 207 1588 tati,
242 1552 297 1579 an
329 1538 407 1579 tibi
439 1538 640 1592 dignitas.
692 1538 781 1580 Sed
814 1546 1030 1592 utcunque
1062 1540 1146 1580 iam
1180 1540 1297 1580 nulla
1335 1553 1510 1593 prorsus
1544 1546 1609 1581 est

119 1622 252 1650 causa
297 1623 370 1651 cur
402 1610 484 1651 1100
529 1616 720 1651 nostrum
767 1610 985 1651 saeculum
1018 1610 1303 1663 ingratidunis
1347 1611 1606 1656 incusemus,

119 1694 245 1733 quum
277 1681 418 1734 ipsum
450 1694 536 1722 non
569 1682 707 1722 minus
741 1694 792 1722 ac
824 1681 929 1722 illud
962 1682 1148 1735 priscum
1171 1681 1396 1723 virtutibus
1418 1682 1608 1735 praemia

118 1752 364 1805 persolvere
410 1752 649 1804 videamus,
696 1766 805 1805 quae
851 1766 920 1793 res
952 1753 1012 1793 ita
1045 1766 1240 1794 crescere
1284 1752 1388 1794 facit
1432 1753 1608 1806 ingenia

119 1830 246 1875 atque
279 1823 550 1877 probitatem,
583 1831 628 1864 ut
661 1824 779 1864 nulla
811 1824 961 1877 magis.
995 1824 1159 1877 Nempe
1182 1830 1226 1864 ut
1247 1825 1380 1865 virtus
1408 1824 1608 1877 neglecta

118 1893 346 1945 fastiditur,
394 1894 456 1936 sic
500 1894 661 1936 honore
707 1895 864 1936 affecta
908 1909 933 1935 a
967 1895 1081 1936 nullo
1127 1908 1211 1936 non
1257 1895 1526 1949 amplectitur
1566 1901 1608 1936 et

119 1964 354 2007 adamatur.
379 1965 529 2006 Foelix
550 1978 652 2019 ergo
676 1966 759 2007 hoc
781 1972 971 2007 nostrum
999 1979 1178 2019 regnum
1202 1966 1315 2019 quod
1337 1980 1432 2007 eum
1455 1967 1607 2020 princi-

119 2049 216 2090 pem
261 2043 327 2077 est
371 2036 573 2090 adeptum
620 2036 698 2077 sub
733 2050 815 2089 quo
848 2037 1026 2078 virtutes
1072 2037 1282 2079 hactenus
1322 2038 1488 2091 sopitae
1522 2039 1606 2079 iam

118 2107 292 2148 tandem
327 2107 606 2161 evigilabunt,
644 2121 806 2160 suoque
841 2108 962 2149 titulo
996 2108 1210 2149 literarum
1246 2115 1461 2150 amatores
1491 2122 1607 2150 coro—

118 2178 344 2229 nabuntur,
379 2185 423 2219 ut
446 2179 574 2232 plane
610 2192 710 2232 spes
735 2180 788 2220 sit
812 2192 894 2220 non
918 2178 1042 2219 modo
1062 2178 1235 2220 faedam
1259 2180 1343 2221 oris
1365 2180 1605 2222 barbariem

118 2249 236 2290 brevi
268 2249 367 2290 hinc
400 2249 626 2301 abituram,
667 2263 811 2291 verum
847 2250 976 2291 etiam
1008 2250 1215 2291 barbaros
1249 2264 1388 2292 mores
1431 2264 1604 2303 quorum

118 2320 369 2361 temulentia
401 2320 612 2362 hactenus
646 2321 756 2362 adeo
790 2321 989 2362 inebriati
1022 2334 1148 2374 quam
1178 2322 1323 2375 plures
1344 2321 1528 2374 fuerunt,
1563 2329 1607 2363 111

118 2390 350 2432 nescierint
383 2391 484 2444 quid
516 2405 655 2433 rerum
689 2399 869 2445 agerent
902 2393 1076 2433 scelesti
1108 2393 1334 2445 tyrannide
1372 2394 1604 2436 excaecati.

118 2462 239 2510 Nam,
273 2468 318 2502 ut
351 2463 637 2516 orphanorum
670 2463 837 2504 interim
871 2470 999 2515 atque
1034 2477 1268 2517 pauperum
1302 2464 1606 2517 oppressiones

120 2532 288 2574 silentio
320 2540 603 2587 praeteream,
637 2540 698 2575 tot
730 2534 904 2575 ftaudes
932 2532 976 2588 (!)
1010 2541 1052 2575 et
1084 2535 1307 2576 latrocinia
1339 2536 1467 2588 longo
1501 2542 1605 2576 tem-

118 2617 221 2657 pore
253 2604 295 2644 in
329 2605 410 2645 hiis
444 2605 600 2646 nostris
643 2606 728 2646 oris
761 2606 821 2646 ita
855 2606 1085 2655 sevierunt,
1130 2612 1173 2645 ut
1206 2606 1309 2647 illud
1351 2605 1605 2647 Ovidianum

117 2674 208 2715 iure
241 2675 510 2717 meritissimo
542 2677 585 2717 in
619 2690 697 2717 nos
729 2677 916 2729 torqueri
950 2677 1129 2730 poterit:
1178 2677 1340 2718 Vivitur
1379 2690 1431 2718 ex
1468 2684 1605 2731 rapto,

119 2758 203 2785 11011
236 2745 395 2799 hospes
429 2746 482 2788 ab
516 2746 685 2800 hospite
719 2752 846 2788 tutus.
881 2747 976 2788 Non
1011 2760 1134 2788 socer
1166 2761 1191 2788 a
1221 2761 1395 2800 genero,
1430 2748 1604 2789 fratrum

120 2828 289 2868 quoque
322 2817 462 2870 gratia
506 2830 602 2858 rara
635 2824 713 2858 est.
762 2818 884 2858 Victa
915 2818 1028 2859 iacet
1074 2819 1213 2872 pietas
1247 2826 1288 2859 et
1333 2820 1452 2872 virgo
1499 2820 1605 2861 cede

119 2885 355 2928 madentes.
388 2887 546 2928 Ultima
579 2888 813 2929 caelestum
847 2895 983 2929 terras
1017 2890 1172 2930 Astrea
1203 2890 1381 2942 reliquit.
1415 2890 1492 2931 Ast
1525 2890 1606 2932 hec
