1898 3278
446 257 551 299 Cum
585 258 756 312 propria
788 258 961 312 linguae
985 258 1218 301 tumefacta
1240 259 1440 301 volubilis
1461 273 1566 301 aura

447 329 628 370 Insultat
661 342 802 382 neque
837 329 979 371 adhuc
1013 329 1196 371 Graecia
1228 335 1318 371 tota
1352 329 1487 372 sedet.

449 399 661 454 Opposuit
695 413 793 441 sese
826 413 982 453 magno
1016 401 1241 442 conamine
1273 400 1449 454 Tydeus

446 471 537 512 Nec
569 471 664 512 tulit
697 471 910 525 Argolicis
942 472 1053 512 Itala
1084 485 1220 525 regna
1253 472 1400 526 premi.

446 542 585 583 Macte
619 556 729 584 novo
764 543 932 595 eloquio
967 542 1131 597 Tydeu,
1164 549 1206 584 te
1239 542 1407 585 vindice
1441 542 1544 597 pubi

441 614 527 655 Dat
559 614 710 655 Latiae
744 614 881 655 victas
915 614 1057 655 Attica
1091 613 1237 655 Suada
1270 626 1436 654 manus.

301 810 599 857 Epitaphium
625 810 935 847 Illustrissimi
962 811 1166 849 Mathiae
1193 811 1484 857 Ungarorum
1509 810 1672 857 Regis.¹

444 921 655 963 Mathias1
687 936 837 976 regum
871 923 1089 977 specimen
1124 929 1165 964 et
1198 925 1336 978 gloria
1367 924 1515 966 Martis

513 994 591 1036 Hic
624 994 745 1036 iaceo
778 994 880 1035 fatis
901 993 915 1015 2
949 995 1126 1036 obrutus
1159 1002 1260 1036 ante
1294 995 1420 1037 diem.

443 1064 523 1114 Qui
547 1065 691 1106 domui
710 1079 838 1119 reges
861 1066 1078 1107 Moravos²⁵
1100 1066 1320 1120 fortesque
1343 1067 1560 1109 Bohemos

512 1137 651 1189 Atque
685 1137 940 1178 Polonorum
976 1143 1119 1179 castra
1152 1138 1338 1192 superba
1370 1138 1525 1180 ducum

382 1208 420 1249 5.
452 1208 702 1250 Innumeros
725 1209 807 1250 vici
823 1208 839 1230 4
861 1209 1044 1263 populos
1065 1209 1372 1263 pulchramque
1391 1209 1601 1251 Viennam

513 1279 639 1320 Solus
673 1286 715 1320 et
746 1278 961 1321 inmensi5
995 1281 1065 1332 qui
1098 1280 1221 1321 timor
1253 1281 1368 1322 orbis
1402 1294 1518 1322 eram

443 1350 629 1392 Caesare
651 1351 705 1392 de
727 1351 897 1404 gemino
912 1350 926 1373 ‘³
958 1351 1098 1393 fateor
1121 1352 1296 1394 duxisse
1319 1352 1557 1406 triumphos

511 1422 631 1463 Alter
651 1421 663 1444 ⁷
697 1422 930 1474 Romanus,
965 1423 1161 1465 Thurcus
1195 1430 1237 1465 et
1270 1421 1413 1465 alter8
1446 1430 1549 1465 erat.

439 1493 627 1534 Plurima
651 1507 934 1549 conceperam
951 1496 1179 1536 ——nostris
1200 1495 1371 1536 fortuna
1394 1495 1546 1537 diebus

354 1563 419 1607 lo.
513 1565 671 1606 Invidit
693 1589 750 1592 —
775 1565 910 1607 cecidi
942 1566 1083 1620 pulvis
1117 1572 1158 1608 et
1191 1567 1342 1608 umbra
1374 1572 1517 1608 tamen

440 1636 597 1690 Aspice
622 1637 694 1689 qui
716 1637 883 1689 fuerim,
910 1651 1037 1691 quam
1057 1651 1240 1692 magnus
1263 1644 1418 1692 postea
1440 1638 1584 1680 mundi

511 1707 668 1750 Secula
701 1709 937 1750 narrabunt
971 1722 1037 1750 me
1072 1709 1166 1750 tulit
1199 1710 1306 1751 hora
1338 1710 1494 1751 brevis.

938 1791 1039 1824 1494.

748 1978 947 2015 Antonii
974 1978 1189 2015 Bonfinii.
1208 1980 1221 1998 ⁹

439 2078 559 2119 Atria
592 2092 686 2120 cum
721 2078 874 2119 statuis
908 2077 1047 2119 ductis
1081 2091 1133 2119 ex
1167 2091 1266 2119 aere
1300 2078 1483 2131 fonsque

512 2150 683 2191 Corvini
715 2150 907 2191 referunt
939 2149 1143 2204 principis
1176 2149 1366 2203 igenium

438 2221 661 2262 Matthiam
695 2227 842 2275 partos
874 2227 972 2275 post
1005 2227 1065 2262 tot
1090 2234 1143 2262 ex
1165 2221 1288 2263 hoste
1312 2221 1548 2275 triumphos

508 2292 651 2333 Virtus
686 2305 761 2333 aes
794 2305 977 2333 marmor
1010 2292 1168 2346 scripta
1200 2292 1339 2346 perire
1372 2298 1532 2334 vetant.

358 2490 367 2510 ¹
395 2491 482 2525 Cod.
505 2490 643 2525 Monac.
674 2492 752 2525 Lat.
783 2503 829 2525 m.
855 2492 935 2525 428.
968 2502 1063 2526 saec.
1090 2492 1166 2525 XV.
1195 2502 1238 2525 ex
1263 2491 1326 2526 fol.
1346 2491 1442 2526 232²
1469 2492 1537 2534 (O).
1571 2493 1726 2537 Megvan

236 2561 255 2584 a
280 2550 390 2584 XVII.
414 2550 624 2585 szazadbeli
654 2551 801 2585 SGTY-ik
828 2551 954 2585 szamii
975 2551 1167 2585 muncheni
1195 2552 1384 2586 codexben
1410 2551 1441 2586 is
1467 2551 1530 2586 fol.
1557 2552 1626 2585 49a
1652 2552 1724 2595 (Ε).

238 2610 246 2628 ¹
274 2610 443 2644 Matthias
477 2610 523 2643 Ε.
574 2610 587 2628 ²
614 2610 719 2644 fortis
746 2610 792 2643 E.
845 2610 857 2629 3
885 2611 1043 2654 populos
1061 2610 1107 2644 Ε.
1135 2610 1169 2644 A
1195 2611 1273 2644 4-ik
1299 2610 1339 2645 es
1367 2611 1442 2644 5-ik
1469 2621 1529 2645 sor
1553 2611 1726 2656 hianyzik

236 2669 368 2704 E-ben.
421 2671 433 2689 4
467 2670 530 2703 viti
561 2670 595 2703 C.
649 2670 662 2687 ⁵
688 2670 806 2704 invasi
845 2670 874 2712 (Ῥ
900 2670 1000 2704 talan
1031 2670 1235 2707 inrnensi‘P)
1274 2670 1375 2703 solus
1400 2669 1447 2703 Ε.
1502 2668 1514 2687 ⁶
1547 2669 1724 2705 Caesares

235 2729 294 2771 qui
323 2729 490 2773 geminos
520 2729 555 2763 C.
609 2730 619 2750 ⁷
649 2729 821 2763 Similiter
852 2729 887 2763 (ζ’.
943 2729 954 2748 ⁸
982 2728 1197 2763 Germanius
1217 2728 1308 2774 (igy)
1335 2729 1506 2763 Tarcicus
1527 2730 1615 2774 (igy)
1636 2730 1726 2764 alter

236 2786 280 2820 Ε.
308 2788 363 2821 Az
403 2788 525 2823 utolso
564 2788 661 2834 negy
689 2799 749 2823 sor
787 2788 961 2832 hianyzik
1004 2788 1133 2823 E-ben.
1164 2810 1205 2813 —
1233 2789 1274 2823 V.
1303 2791 1334 2823 ὃ,
1365 2799 1384 2822 a
1410 2788 1617 2823 ko'vetkezo
1652 2789 1724 2832 epi-

233 2846 439 2890 taphiumot
466 2858 486 2881 a
513 2847 602 2883 Cod.
622 2848 715 2881 Mon.
743 2847 893 2882 affe-bol
920 2856 1031 2891 (saec.
1053 2848 1128 2881 XV.
1147 2847 1211 2881 fol.
1232 2848 1313 2891 289)
1339 2847 1407 2892 (Ο).
1460 2848 1472 2866 ⁹
1501 2848 1724 2892 Ugyanazon

234 2906 446 2942 keziratbol.
