1919 3273
1489 126 1559 160 435

67 276 204 312 tatem
235 270 394 311 iamdiu
417 283 468 311 ac
491 270 665 311 multum
697 269 926 310 retundere
951 270 1092 311 conati
1115 276 1225 311 sunt.
1260 270 1363 311 Mihi
1386 269 1562 323 quidem¹

71 355 156 383 non
188 347 275 382 tam
307 341 469 382 ruentis
502 341 668 394 imperii
702 339 922 381 christiani
954 340 1148 382 fortunas
1183 354 1307 394 quam
1343 347 1556 395 torporem

68 419 201 465 atque
249 412 445 453 inertiam
493 417 665 453 nostrae
713 411 868 452 aetatis
913 424 1076 452 mecum
1126 412 1342 465 reputanti
1393 411 1556 465 grande

71 483 217 524 nescio
251 482 365 535 quod
397 482 641 523 mutationis
674 495 811 535 genus
845 481 1048 535 subrepit,
1083 496 1164 534 quo
1195 483 1394 524 universa
1427 495 1557 535 quae-

68 566 154 606 que
187 560 273 594 tam
306 566 481 607 operum
527 553 806 594 humanorum
852 566 977 605 quam
1022 553 1257 594 litterarum
1291 553 1432 594 studia
1473 553 1558 594 alia

69 624 244 677 quidem
278 624 373 665 aliis
405 624 608 665 ministris
642 624 915 676 consiliisque
948 623 1216 665 resartienda
1236 624 1332 666 sint.
1369 624 1557 677 Cumque

72 700 217 736 tantus
249 708 388 736 rerum
408 693 783 736 instaurandarum
804 707 983 736 acervus
1005 695 1084 735 hos
1109 694 1278 747 quidem
1301 694 1357 736 ad
1377 695 1557 736 militare

72 779 225 807 munus
260 772 424 817 evocet,
459 765 566 806 alios
602 771 742 806 autem
776 765 831 806 ad
856 765 1124 819 respublicas
1159 766 1305 807 civiles
1329 766 1418 807 sive
1438 766 1556 807 resti-

73 835 257 877 tuendas
292 836 382 878 sive
414 835 707 889 protegendas
741 842 814 877 aut
847 836 1077 889 aliquando
1111 837 1380 891 ampliandas
1409 837 1557 879 invitet

72 907 301 948 nonnullos
335 906 718 963 colendaetelluri
751 913 823 947 aut
857 907 952 948 aliis
987 908 1309 961 quibuscunque
1331 908 1558 950 admoveat

72 977 228 1019 officiis
261 991 437 1030 quorum
471 978 657 1019 omnium
690 991 770 1031 ope
804 978 1061 1019 laboriosam
1096 992 1145 1019 ac
1177 991 1310 1032 prope
1340 978 1558 1020 defessam

72 1048 186 1090 hanc
217 1055 406 1090 nostram
439 1054 625 1090 aetatem
647 1049 871 1102 plurimum
893 1062 1021 1102 egere
1055 1062 1179 1090 nemo
1203 1049 1369 1090 dubitat
1387 1049 1560 1090 litterali

73 1120 215 1174 potius
249 1119 451 1161 exercitio
487 1133 611 1172 quam
645 1119 841 1161 facundis
875 1120 1074 1174 operibus
1108 1121 1144 1161 si
1176 1120 1276 1173 quid
1308 1120 1458 1161 virium
1491 1127 1556 1162 est

72 1191 255 1243 allegari
286 1191 426 1242 velim,
461 1204 602 1243 neque
635 1191 929 1232 indifferenter
951 1191 1287 1244 quibuscumque
1309 1191 1557 1232 liberalibus

71 1261 226 1302 studiis
249 1262 410 1303 versari
432 1262 563 1311 iuvat,
588 1275 682 1302 cum
705 1262 910 1303 nonnulla
931 1262 1014 1303 sint
1043 1275 1152 1315 quae
1175 1261 1491 1303 fluctuabundis
1514 1268 1556 1303 et

75 1346 187 1386 pene
221 1332 395 1375 caducis
427 1333 574 1374 innixa
607 1332 897 1374 fundamentis
930 1333 1000 1375 vix
1033 1347 1111 1374 sua
1144 1333 1349 1375 meruisse
1388 1333 1560 1375 nomina

75 1403 314 1455 videantur7
349 1404 547 1457 quoniam
582 1411 624 1445 et
647 1403 683 1445 si
705 1417 730 1444 a
753 1404 1040 1458 singularibus
1064 1411 1275 1446 sectarum
1298 1404 1560 1458 principibus

72 1481 362 1528 cognomenta
385 1475 620 1529 suscipiant
642 1475 841 1528 insignia,
865 1481 926 1517 tot
949 1482 1091 1516 tamen
1113 1476 1240 1529 vulgo
1265 1474 1562 1528 discerpuntur

76 1546 204 1587 ramis
253 1552 354 1599 quot
402 1547 546 1600 capita
594 1553 853 1588 sectatorum
900 1547 1133 1600 praecipua
1177 1545 1385 1597 offendas,
1432 1552 1560 1600 atque

75 1616 235 1658 idcirco
280 1617 354 1658 ubi
396 1617 551 1671 pedem
598 1617 750 1659 sistere
783 1617 925 1671 possis
968 1618 1107 1658 locum
1152 1617 1343 1670 reperias
1386 1617 1559 1660 nullum.

77 1688 327 1742 Disciplinis
359 1688 489 1741 igitur
509 1688 593 1729 illis
625 1702 893 1742 summopere
916 1687 1243 1730 incumbendum
1268 1688 1427 1737 censui„
1451 1701 1561 1741 quae

74 1772 248 1800 ‘suorum
290 1759 548 1800 firmitudine
595 1759 897 1814 principiorum
941 1759 1139 1800 roborate
1185 1758 1240 1799 ad
1279 1759 1476 1800 excelsas
1520 1765 1563 1800 et

77 1844 211 1885 prope
255 1830 528 1872 incredibiles
575 1830 763 1872 evadunt
797 1831 1048 1881 sententias,
1095 1829 1334 1882 quibusque
1367 1837 1562 1883 argutum

77 1901 296 1955 ingenium
321 1902 465 1944 dietim
489 1902 649 1955 aliquid
671 1902 775 1943 certi
798 1901 1090 1955 superaddere
1118 1907 1258 1953 queat,
1293 1914 1400 1953 quas
1423 1914 1562 1953 neque

78 1978 273 2014 vetustas
306 1973 512 2027 temporis
557 1973 843 2014 comminuere
878 1985 1017 2025 neque
1050 1972 1269 2025 professor
1313 1972 1564 2024 loquaculus

77 2044 270 2085 versatili
315 2044 516 2098 quopiam
563 2044 944 2098 interpretamento
995 2042 1248 2095 detorquere
1296 2042 1444 2095 possit.
1496 2041 1562 2083 Me

78 2114 273 2155 nimirum
318 2121 522 2156 aeternae
569 2115 754 2156 cultores
800 2127 900 2155 suos
933 2114 1160 2154 memoriae
1194 2113 1408 2163 dedicant,
1455 2126 1563 2165 quae

77 2185 201 2240 ipsae
235 2186 522 2240 sempiternae
557 2192 599 2228 et
629 2186 916 2227 immutabiles
950 2185 1146 2225 existant.
1178 2184 1287 2224 Nam
1320 2184 1357 2225 si
1390 2183 1491 2237 quid
1521 2184 1564 2224 in

80 2256 143 2298 eis
176 2257 304 2310 paulo
336 2256 542 2298 infirmius
574 2257 744 2311 passim
770 2257 962 2307 obicitur,
997 2255 1137 2296 alieno
1159 2254 1342 2307 quodam
1366 2255 1564 2307 contagio

79 2327 124 2369 id
156 2327 368 2369 accidisse
402 2334 517 2370 certo
545 2328 658 2369 scias
692 2328 781 2369 sive
804 2327 974 2368 indocte
1009 2326 1334 2375 traducentium,
1361 2326 1450 2366 sive
1473 2339 1565 2379 per-

80 2411 205 2440 verse
240 2400 556 2452 exponentium,
601 2412 777 2452 quorum
812 2404 1032 2450 utrumque
1066 2410 1239 2438 cernere
1273 2403 1351 2447 est,
1397 2409 1491 2437 cum
1523 2396 1565 2437 in

79 2469 177 2510 aliis
211 2469 446 2523 disciplinis
478 2476 566 2511 tum
599 2470 641 2510 in
676 2483 728 2510 ea
760 2468 941 2510 maxime
976 2481 1085 2520 quae
1118 2466 1174 2508 ad
1197 2467 1375 2508 celestia
1397 2474 1564 2521 specta-

80 2540 179 2582 cula
223 2540 403 2581 terrenis
447 2541 707 2595 posthabitis
751 2539 945 2581 ludibriis
995 2544 1161 2579 erectos
1205 2538 1321 2579 iubet
1370 2538 1565 2579 attollere

82 2612 238 2662 vultus,
273 2625 382 2664 quae
417 2612 498 2653 etsi
531 2625 583 2652 ex
615 2611 922 2663 antiquissimis
970 2610 1242 2650 maximorum
1274 2609 1566 2662 penetralibus

84 2682 266 2723 virorum
290 2690 391 2723 nata
414 2683 480 2734 sit,
515 2696 676 2736 perque
702 2682 924 2724 Claudium
947 2681 1241 2722 Ptholemeum
1266 2680 1418 2721 eximie
1451 2680 1567 2721 lucu-

83 2753 208 2795 brata
238 2754 414 2807 regibus
460 2753 640 2795 oriunda
673 2761 715 2794 et
748 2752 930 2794 hiisdem
962 2750 1139 2805 perinde
1186 2750 1308 2803 quasi
1340 2750 1568 2804 peculiaris

83 2836 257 2878 semper
288 2824 428 2876 fuerit,
463 2824 590 2865 hodie
618 2830 760 2865 tamen
795 2821 918 2877 (proh
940 2822 1155 2863 hominum
1179 2819 1404 2874 desidiam)
1435 2834 1567 2874 prope

84 2895 256 2936 modum
291 2895 490 2937 abstrusa
535 2895 747 2948 nugisque
794 2893 976 2935 anilibus
1010 2906 1060 2934 ac
1092 2891 1215 2933 falsis
1248 2892 1570 2946 exposiunculis

1360 2972 1426 3005 28*
