1919 3273
1468 131 1538 166 419

310 341 596 395 Epitaphium
627 341 821 383 Matthiae
853 341 984 397 Reyis
1016 343 1287 397 Hmzyam'ae.

684 434 760 469 (fol.
790 435 909 469 113b.*.

202 542 387 583 Mathias
419 543 540 584 iaceo
572 543 663 584 Rex
694 543 776 584 hac
809 543 887 584 sub
920 544 1030 585 mole
1065 546 1257 598 sepultus

263 613 464 654 Testatur
496 614 608 654 vires
640 613 812 654 Austria
843 614 957 655 victa
989 628 1121 667 meas,

202 683 357 725 Terror
389 697 503 725 eram
534 684 705 736 mundo,
738 684 886 725 metuit
919 698 986 726 me
1021 685 1180 727 Caesar
1203 694 1395 739 uterque,

261 754 374 796 Mors
407 761 571 796 tantum
604 755 741 809 potuit
774 756 866 796 sola
898 769 1053 797 nocere
1087 757 1198 798 mihi.

52 988 260 1031 Eiusdem
291 988 467 1030 Pisonis
494 988 624 1043 eleyz'a
650 1003 701 1031 ex
726 988 1004 1031 heckatostzssho
1025 989 1074 1031 *m
1095 990 1315 1043 passionis
1343 995 1379 1032 et
1401 990 1536 1032 erucis

323 1059 577 1102 Dominicae
608 1060 853 1102 memomam
882 1075 1021 1113 mcper
1050 1061 1098 1101 cle
1128 1061 1262 1103 ducto.

612 1154 687 1197 (fol.
717 1154 980 1196 139b—141b.)

200 1262 292 1311 Quo
325 1262 476 1316 rapitis
509 1263 692 1304 celerem
725 1263 919 1303 mortalia
951 1270 1127 1316 pectora
1160 1276 1368 1316 gressum,

258 1334 369 1374 Dum
402 1334 533 1375 vestri
567 1335 688 1375 vobis
721 1340 835 1375 astat
865 1335 1008 1387 imago
1041 1334 1123 1375 Dei
1138 1333 1159 1374 ἶ)

198 1404 293 1445 Non
326 1404 514 1445 humana
547 1404 672 1445 deum
704 1411 977 1459 praesentem
1009 1405 1170 1446 lumina
1202 1411 1380 1446 cernunt

256 1476 311 1517 Et
344 1476 503 1518 domini
535 1476 690 1517 tacitus
724 1476 869 1516 limina
903 1489 1051 1517 servus
1085 1476 1186 1517 obit.

123 1558 142 1590 5
197 1548 291 1589 Huc
324 1549 465 1590 scelus
498 1549 729 1589 humanum
762 1547 949 1589 divinum
983 1560 1138 1600 corpus
1172 1547 1332 1601 adegit,

257 1619 337 1660 Hic
370 1619 567 1661 dominus
600 1620 711 1660 servi
744 1619 919 1660 crimina
950 1625 1086 1659 morte
1120 1619 1209 1660 luit.

198 1690 342 1731 Rebus
376 1691 420 1731 in
453 1690 646 1732 adversis
679 1691 824 1731 tristes
859 1690 913 1731 ad
946 1689 1088 1731 sidera
1121 1690 1288 1744 palmas

257 1761 504 1812 Tendimus,
539 1768 584 1803 ut
616 1762 754 1815 pellas
787 1768 935 1802 nostra
966 1762 1128 1815 pericla
1161 1761 1280 1803 deus.

197 1833 251 1874 At
282 1832 412 1874 nimio
445 1839 672 1886 postquam
705 1838 852 1874 nostra
885 1839 950 1873 est
984 1838 1175 1873 saturata
1208 1833 1353 1884 libido,

99 1913 142 1947 10
256 1904 351 1945 Non
384 1917 595 1946 memores
628 1904 801 1945 tandem
834 1917 1062 1957 possumus
1097 1917 1194 1944 esse
1229 1904 1301 1945 tui.

199 1974 291 2024 Quo
324 1976 478 2030 pietas,
513 1990 595 2028 quo
630 1976 759 2016 cessit
793 1988 923 2026 amor,
959 1975 994 2015 si
1027 1988 1160 2015 saxea
1193 1988 1363 2028 semper

255 2047 460 2100 Duraque
492 2047 677 2102 pectatis
701 2045 746 2099 (1)
781 2047 911 2088 corda
943 2047 1080 2087 viator
1113 2045 1286 2087 habes?

198 2118 310 2160 Siste
345 2119 537 2172 gradum,
572 2132 723 2160 cernes
756 2118 869 2171 quod
900 2124 942 2159 te
976 2117 1140 2158 ratione
1174 2122 1373 2168 moretur,

260 2178 380 2231 Unde
413 2204 553 2244 genae
586 2190 815 2239 lachrimis,
850 2189 980 2230 corda
1013 2188 1158 2229 dolore
1192 2188 1337 2239 fluent,

97 2270 139 2303 15
196 2261 352 2315 Aspice
387 2261 557 2302 sublimi
589 2261 847 2315 pendentem
883 2258 1027 2313 stipite
1061 2258 1274 2300 Christum
1294 2258 1305 2280 ¹

257 2333 456 2386 Turpiter
487 2333 650 2387 optavit
683 2332 753 2385 qui
786 2332 966 2372 hominis
1001 2344 1102 2384 ergo
1136 2331 1252 2371 mori.

197 2403 291 2444 Non
312 2410 470 2455 tamen,
494 2403 788 2457 ut‘perhibent
811 2403 882 2455 qui
904 2401 1101 2456 praescia
1125 2401 1267 2442 sidera
1291 2408 1501 2456 spectant,

254 2474 416 2515 Debuit
448 2475 605 2516 invitus
638 2474 845 2515 scandala
877 2473 988 2513 ferre
1022 2473 1160 2513 crucis

197 2544 297 2587 Sive
330 2545 408 2586 fuit
439 2546 558 2599 virgo
592 2545 787 2586 nascenti
819 2545 1084 2597 horoscopus
1118 2544 1228 2585 almo

97 2625 141 2658 20
257 2616 357 2657 Sive
393 2617 512 2658 necis
545 2617 681 2657 tenuit
713 2616 865 2656 Martia
897 2615 1022 2655 stella
1056 2614 1225 2655 domum

197 2686 360 2740 Sponte
395 2701 562 2729 crucem
596 2687 736 2738 subiit,
771 2700 855 2727 non
889 2686 966 2725 fati
998 2686 1096 2738 lege
1131 2692 1320 2737 coactus,

254 2758 366 2799 Dum
400 2758 659 2813 postliminio
691 2771 769 2799 nos
802 2770 1005 2798 revocare
1040 2756 1166 2810 cupit.

168 2905 178 2925 ¹
207 2907 373 2942 eristum.
