1898 3278
1561 161 1603 194 13

270 303 319 355 O,
353 303 428 344 tibi
460 303 558 344 mite
592 302 774 355 quidem,
810 302 887 343 sed
920 309 1071 356 pectus
1104 302 1246 343 mitius
1279 316 1365 353 ore,

328 375 422 415 Non
456 374 539 414 alia
572 373 735 425 antiqui
766 372 902 414 forma
936 372 1111 413 Catonis
1146 380 1246 414 erat.

270 444 544 499 Supplicibus
576 444 729 494 facilis7
762 443 947 485 tumidos
983 444 1066 484 scis
1099 444 1283 495 vincere,
1318 443 1420 485 felix

329 515 405 555 Cui
437 515 562 556 datur
595 528 646 555 ex
679 515 792 555 omni
824 527 1004 555 noscere
1037 527 1140 555 vera
1172 515 1279 556 loco.

271 586 441 636 Quanta
475 585 663 626 serenati
694 584 833 626 radiet
866 585 1093 626 clementia
1126 585 1268 627 vultus
1284 585 1305 626 ἶ)

326 657 418 697 Nec
451 657 674 709 quisquam
708 670 732 696 a
765 656 853 696 miti
885 656 1078 709 principe
1112 656 1244 696 tristis
1278 656 1378 697 abit.

269 727 340 770 Sic
371 728 493 768 Titus
527 727 641 768 orbis
675 740 792 767 amor
823 727 1042 767 Romanae
1076 726 1213 779 gloria
1246 727 1387 779 gentis

326 798 471 839 Audiit
504 811 529 838 a
561 798 719 852 populo
752 804 852 839 vota
885 798 1020 851 petita
1054 811 1145 838 suo.

268 869 410 910 Docta
442 869 671 910 Maronaeo
705 874 751 909 tu
783 869 945 922 proluis
979 882 1053 910 ora
1086 869 1263 921 liquore,

327 940 581 992 Eloquiique
614 939 751 981 nitent
783 939 959 980 flumina
990 940 1112 993 larga
1145 940 1217 981 tui.

270 1010 495 1052 Sacrarum
528 1011 641 1051 nosti
673 1023 900 1051 numerosa
934 1011 1148 1051 columina
1179 1011 1323 1064 legum

325 1082 429 1123 Jura
462 1081 632 1134 quidem
666 1081 841 1122 memori
874 1087 1049 1135 pectore
1084 1087 1238 1122 cuncta
1272 1088 1407 1122 tenes.

267 1154 359 1193 Nec
391 1158 433 1193 te
467 1152 667 1193 Tersiten
701 1153 843 1206 potius
877 1152 954 1193 sed
987 1152 1172 1193 Nestora
1205 1152 1343 1193 dicam

328 1223 409 1272 Qui
441 1223 553 1264 bene
586 1228 672 1263 tam
705 1223 819 1264 noris
852 1229 940 1264 tam
973 1223 1244 1277 graviterque
1278 1224 1406 1276 loqui.

266 1295 375 1335 Hinc
408 1294 484 1335 tibi
517 1301 712 1336 sacratae
745 1308 892 1348 regum
926 1301 1200 1348 praestantur
1232 1294 1442 1341 habenae,

328 1364 566 1418 Omniaque
601 1366 773 1407 arbitrio
809 1372 1008 1419 stantque
1043 1366 1287 1418 caduntque
1322 1372 1404 1407 tuo.

266 1436 356 1477 Nec
388 1436 533 1477 nocuit
565 1436 736 1477 fortuna
769 1436 857 1486 tibi,
893 1436 971 1477 sed
1002 1436 1116 1478 victa
1148 1436 1310 1490 pudore

328 1506 384 1548 Se
417 1506 589 1547 facilem
623 1513 741 1548 tanto
775 1507 972 1561 praebuit
1004 1507 1077 1548 illa
1110 1508 1212 1549 viro.

269 1577 362 1619 Sint
395 1578 466 1618 alii
500 1584 614 1619 certe
648 1584 818 1619 terrena
851 1578 949 1619 labe
985 1579 1130 1628 creati,

297 1648 359 1689 Te
392 1648 526 1701 liquet
559 1649 761 1691 aethereo
796 1650 958 1691 semine
993 1650 1275 1703 progenitum.

382 1822 456 1858 Ad.
482 1822 547 1859 Jo.
576 1822 838 1869 Baptistam
866 1823 920 1859 de
948 1823 1129 1860 Zooulis
1157 1826 1203 1869 (p.
1232 1827 1337 1866 224).

266 1908 297 1959 I⁷
331 1915 430 1962 pete
463 1910 702 1964 laurigeros
736 1911 865 1952 celeri
898 1911 1009 1964 pede
1043 1911 1166 1952 Musa
1198 1918 1380 1965 penates

325 1980 566 2034 Baptistae,
602 1987 643 2022 et
676 1982 878 2023 brevibus
913 1995 986 2022 ora
1019 1982 1188 2024 resolve
1222 1982 1372 2023 modis.

265 2051 322 2092 Ut
354 2064 544 2103 noscam,
579 2066 633 2092 an
666 2053 829 2103 valeas7
865 2066 930 2093 me
964 2053 1077 2094 misit
1110 2053 1164 2094 ab
1199 2066 1279 2094 axe
1313 2054 1443 2094 boreo

323 2122 516 2173 Pannon,
550 2122 775 2164 inocciduo
810 2136 893 2175 qua
926 2123 1054 2165 micat
1086 2137 1187 2165 ursa
1218 2125 1329 2178 polo.

263 2192 344 2243 Qui
376 2193 477 2235 licet
510 2207 614 2235 arva
647 2195 758 2235 colat
791 2194 982 2248 riphaeis
1017 2208 1171 2249 sparsa
1202 2196 1378 2249 pruinis,

321 2263 417 2305 Non
451 2264 605 2305 cecidit
637 2264 811 2305 memori
844 2271 1018 2318 pectore
1053 2266 1203 2319 lapsus
1237 2280 1366 2308 amor.

264 2333 465 2375 Carmina
496 2348 581 2375 non
614 2334 796 2376 reddent
829 2348 976 2376 sacras
1009 2336 1308 2378 Permessidos
1331 2337 1469 2379 undas

324 2405 411 2447 Sed
445 2412 542 2447 sunt
576 2406 811 2448 barbaricis
846 2406 1095 2448 barbariora
1129 2408 1249 2450 locis.

263 2476 479 2529 Quidquid
498 2477 608 2517 enim
630 2477 818 2530 gelidum
837 2478 981 2519 scribit
1000 2484 1240 2532 prostratus
1259 2480 1313 2520 ad
1331 2480 1498 2532 Istrum,

322 2547 528 2588 Naturam
561 2547 727 2589 redolet
759 2548 1063 2602 ingeniumque
1097 2549 1193 2591 loci.

544 2708 847 2756 Epitaphium
875 2709 972 2746 eius
999 2713 1046 2755 (p.
1075 2713 1169 2755 224).

261 2795 465 2836 Dalmata
499 2809 564 2837 me
598 2796 760 2850 genuit⁷
794 2811 861 2838 me
885 2798 1055 2838 sustulit
1086 2798 1292 2852 Hungara
1315 2800 1452 2840 tellus.

319 2866 432 2906 Dum
464 2867 563 2918 vixi,
599 2868 764 2921 alligeri
796 2869 918 2909 miles
952 2869 1106 2910 amoris
1141 2883 1266 2910 eram.
