1919 3273
318 145 389 181 388

465 289 555 331 Hos
588 295 709 331 actus
742 289 908 331 imitare
940 302 1059 343 rogo,
1092 295 1453 343 monumentaque
1486 296 1654 344 patrum

529 360 731 414 Concipe,
764 366 853 401 tam
885 360 1068 402 similem
1100 367 1143 402 te
1177 360 1303 403 decet
1334 361 1417 402 ista
1451 361 1585 415 sequi.

471 431 518 474 Si
549 431 685 473 facies
718 431 795 472 toti
828 431 948 473 vives
981 432 1250 486 gratissimus
1283 432 1388 483 orbi,

529 502 726 544 Carmina
758 516 853 544 cum
887 503 1022 557 gestis
1054 503 1199 545 vivere
1232 509 1362 556 teque
1396 503 1550 555 sinent,

368 585 410 619 15
469 575 612 628 Dilige
645 580 878 628 perpetuos
911 575 1113 628 princeps
1147 587 1277 629 super
1310 575 1453 616 omnia
1484 582 1621 627 vates,

525 647 588 688 Te
622 652 783 700 ponent
817 659 996 700 superos
1027 646 1140 687 inter
1171 652 1214 687 et
1246 652 1364 687 astra
1397 646 1542 688 duces.

465 719 544 760 His
578 719 670 760 sine
703 731 789 759 non
822 718 984 772 poteris
1017 717 1219 771 princeps
1253 718 1459 759 extollere
1492 731 1648 760 nomen

521 790 701 831 Vatibus
734 803 789 830 an
823 803 949 842 quam
983 790 1067 830 sint
1100 789 1287 831 scribere
1321 789 1444 843 plura
1475 789 1591 832 licet.

320 990 393 1032 Ad
424 991 604 1033 eundem
648 989 791 1031 divum
830 989 1129 1032 Vuladz'slaum
1173 990 1223 1031 de
1255 989 1345 1032 eius
1389 989 1510 1043 fama
1554 1005 1634 1044 que
1677 991 1810 1033 Rome

323 1061 515 1105 maxima
547 1066 617 1114 est,
664 1065 702 1103 et
732 1061 889 1114 ubique
921 1061 1188 1115 predicatur,
1235 1062 1285 1103 de
1322 1062 1504 1104 Caesare
1542 1067 1741 1116 superato
1773 1066 1811 1104 et

789 1133 838 1174 de
870 1132 1046 1175 victoria
1077 1133 1350 1176 Pannonica.

468 1253 639 1304 Quanta
673 1253 935 1303 Quirinalem
969 1253 1102 1295 crevit
1132 1253 1218 1294 iam
1250 1253 1366 1294 fama
1398 1266 1475 1308 per
1505 1252 1668 1303 urbem,

530 1325 786 1378 Quantaque
819 1338 896 1379 per
927 1325 1110 1379 populos
1142 1325 1217 1366 ivit
1250 1325 1399 1366 adulta
1431 1338 1581 1378 vagos.

470 1397 605 1438 Fama
637 1396 749 1438 diem
781 1410 1013 1450 pregressa
1046 1410 1182 1447 suum,
1215 1396 1513 1438 theumantida
1546 1409 1673 1438 cursu

526 1468 729 1510 Archada
763 1481 856 1509 cum
889 1468 1052 1510 volucri
1082 1468 1203 1521 liquit
1234 1468 1278 1509 in
1311 1468 1413 1510 orbe
1447 1468 1611 1520 volans,

393 1551 413 1583 5
471 1540 567 1582 Non
600 1545 766 1581 tantum
798 1545 952 1581 tenues
986 1539 1177 1581 saturnia
1208 1539 1328 1593 virgo
1361 1553 1439 1593 per
1470 1553 1598 1581 auras

528 1611 726 1662 Nunciat,
760 1612 803 1651 in
834 1610 961 1664 pictis
995 1624 1175 1664 cumque
1209 1611 1377 1652 videtur
1409 1611 1543 1664 aquis.

471 1683 563 1724 Nec
596 1683 668 1736 qui
700 1682 753 1724 de
788 1683 916 1724 celsis
949 1683 1071 1736 virga
1105 1682 1305 1736 Cylenias
1339 1683 1466 1724 astris

530 1754 720 1805 Mittitur,
755 1768 780 1795 a
812 1767 969 1808 magno
1003 1767 1096 1796 cum
1130 1755 1230 1796 Iove
1262 1755 1381 1796 iussa
1414 1754 1528 1808 capit

474 1826 654 1876 Qualem
686 1832 728 1867 te
761 1826 962 1879 princeps
997 1826 1153 1880 superi,
1187 1833 1428 1880 gentesque
1461 1826 1650 1880 benigno

372 1908 415 1942 10
533 1897 798 1952 Spectavere
832 1897 914 1949 die,
949 1910 1043 1939 cum,
1075 1904 1149 1938 tua
1182 1897 1299 1938 fama
1331 1897 1421 1938 fuit.

473 1968 706 2023 Obstupuit
737 1969 914 2020 Boreas,
949 1975 1151 2021 ortusque
1184 1968 1390 2010 hibernus
1425 1975 1467 2010 et
1499 1975 1653 2021 arctos,

535 2040 605 2082 Sic
638 2040 792 2089 obitus,
825 2053 903 2094 per
934 2046 976 2081 te
1010 2039 1170 2094 gaudia
1202 2040 1316 2081 festa
1348 2047 1479 2082 tenet.

474 2112 725 2153 Exhilerant
756 2112 896 2166 ipsum
931 2111 1110 2165 plausus
1142 2118 1203 2153 tot
1237 2111 1365 2152 credo
1398 2117 1618 2153 tonantem

533 2183 650 2233 Quos
684 2189 891 2236 cuperent
921 2189 1063 2224 tecum
1095 2183 1384 2237 promeruisse
1416 2183 1514 2237 poli.

371 2266 413 2298 15
470 2256 524 2296 Et
557 2255 657 2307 quid
689 2256 824 2296 Roma
855 2253 995 2295 facit?
1030 2254 1182 2296 subitis
1215 2254 1421 2296 coelestia
1453 2253 1632 2295 flammis

530 2327 697 2367 Terruit
730 2326 927 2368 accensis
959 2326 1131 2377 ignibus
1164 2332 1293 2378 atque
1327 2325 1446 2367 deos.

472 2398 652 2451 Singula
684 2398 720 2438 si
752 2411 982 2448 numerem,
1018 2397 1233 2438 sudabant
1266 2404 1383 2437 astra
1414 2396 1586 2438 favillis.

531 2469 633 2511 Sola
666 2483 787 2510 suum
820 2475 1018 2523 poterant
1052 2472 1207 2521 sydera
1239 2469 1383 2509 lumen
1417 2469 1552 2521 aquis.

471 2541 509 2581 N
513 2554 566 2582 on
590 2541 751 2591 mirum⁷
776 2548 818 2581 et
841 2553 1021 2594 superos
1043 2540 1237 2581 homines
1259 2540 1336 2581 tibi
1356 2539 1503 2581 reddis
1527 2540 1700 2592 amicos,

372 2621 417 2655 20
533 2612 796 2662 Vuladislae,
830 2612 943 2653 viros
975 2612 1086 2653 inter
1118 2611 1318 2652 habende
1351 2611 1457 2665 pios.

475 2684 643 2736 Proque
676 2684 759 2724 tuis
794 2683 954 2724 meritis
987 2683 1187 2737 princeps
1208 2690 1250 2724 te
1273 2683 1398 2723 turba
1418 2682 1677 2735 frequentat,

535 2754 713 2808 Semper
745 2761 872 2805 amat,
906 2755 1045 2795 claros
1080 2761 1121 2795 et
1153 2754 1225 2808 pia
1257 2754 1382 2795 turba
1416 2753 1562 2796 duces.

474 2826 630 2879 Sicque
665 2825 914 2867 sacerdotes
948 2825 1108 2866 meritis
1141 2832 1370 2867 veneratur
1402 2832 1444 2866 et
1477 2825 1561 2867 aris

527 2897 603 2938 Ille
636 2897 750 2939 bona
783 2897 904 2939 divos
938 2897 1008 2950 qui
1041 2897 1140 2938 colit
1173 2910 1275 2938 ecce
1308 2896 1406 2938 fide.
