1919 3273
316 121 386 155 434

316 278 416 306 num
450 265 702 307 contexitur.
739 265 909 320 Quippe
937 280 1030 309 cum
1054 267 1221 308 mortali
1245 267 1489 309 conditione
1513 274 1556 310 et
1575 282 1805 311 nascamur

316 341 358 377 et
390 336 583 378 vivamus
616 337 746 378 variis
776 351 827 379 ac
858 351 1001 391 paena
1034 338 1220 380 assiduis
1252 339 1446 392 impliciti
1478 340 1589 381 curis
1622 340 1692 381 vix
1719 341 1804 381 cui-

317 420 399 460 que
448 420 548 449 suos
594 407 776 449 affectus
809 414 897 449 tam
935 409 1055 451 brevi
1087 410 1243 451 aetatis
1277 410 1485 452 curriculo
1520 410 1645 452 datur
1677 411 1804 452 inter-

313 491 504 520 noscere.
553 479 730 520 Alienas
763 484 906 520 autem
953 480 1212 534 cupiditates
1245 494 1297 522 ac
1329 488 1470 523 motus
1518 481 1647 523 animi
1681 495 1804 535 quos-

312 550 417 591 libet
449 550 703 604 praescrtim
735 550 778 591 in
810 551 911 592 viris
944 558 1047 592 natu
1080 551 1380 605 grandioribus
1414 565 1592 605 quorum
1615 553 1805 594 consiliis

313 627 438 675 cepte
484 628 711 662 servantur
755 621 964 670 civitates,
1010 636 1064 663 ne
1099 623 1291 664 divinare
1338 623 1512 675 quidem
1552 624 1694 677 possis
1735 624 1806 677 qui

316 693 397 734 etsi
427 693 571 746 palam
616 693 890 746 explorentur
923 693 978 734 ad
1011 701 1219 748 perpetua
1264 701 1408 736 tamen
1442 694 1659 736 hominum
1694 708 1804 736 com-

314 763 466 805 mertia
510 763 614 804 haut
659 777 874 817 quaquam
920 765 1024 805 satis
1071 772 1206 816 erunt,
1254 764 1465 818 siquidem
1512 766 1807 820 experimenta

315 835 521 876 maiorum
555 848 637 888 quo
671 835 810 876 minus
842 835 932 889 iugi
966 837 1367 877 commemoratione
1396 836 1582 878 iuniores
1605 844 1808 878 moneant

314 906 590 947 multifariam
634 906 971 947 interturbantur
1016 907 1141 948 bellis
1187 908 1366 948 caritate
1400 920 1600 949 annonae
1634 908 1807 949 seditio-

313 978 440 1019 nibus
486 984 528 1019 et
573 978 669 1019 aliis
712 977 946 1020 innumeris
991 978 1031 1019 id
1067 992 1204 1032 genus
1249 978 1458 1033 pestibus.
1510 978 1669 1020 Contra
1706 992 1807 1020 vero

316 1051 352 1090 si
384 1049 620 1104 priscorum
654 1049 876 1090 dumtaxat
906 1050 1079 1090 monitis
1111 1049 1277 1091 inhiare
1317 1063 1476 1104 pergas
1509 1063 1649 1103 neque
1684 1051 1807 1092 alior-

317 1134 408 1162 sum
442 1121 596 1162 mentis
620 1126 720 1162 tuae
745 1121 965 1174 specimen
985 1120 1150 1173 flectas,
1175 1134 1271 1162 cum
1293 1121 1472 1162 mortuis
1494 1122 1626 1162 vitam
1650 1121 1808 1176 degere

315 1205 401 1233 non
432 1192 586 1233 iniuria
618 1191 848 1242 videberis,
882 1198 955 1233 aut
988 1198 1104 1233 certe
1137 1192 1206 1234 vix
1238 1193 1425 1246 paucula
1457 1192 1671 1245 quaedam
1703 1193 1808 1234 liba·

317 1269 462 1305 menta
478 1263 594 1305 illinc
612 1276 820 1317 capesses
843 1277 953 1317 quae
973 1263 1028 1304 ad
1047 1269 1432 1319 contemporaneos
1451 1270 1492 1305 te
1517 1263 1691 1305 sodales
1710 1277 1808 1305 con-

319 1335 506 1387 cinnent,
528 1335 638 1376 adeo
662 1335 868 1389 pleraque
891 1335 1032 1376 omnia
1054 1335 1163 1376 solet
1190 1341 1312 1376 aetas
1335 1336 1563 1377 invertere.
1595 1335 1688 1385 Quo
1707 1335 1809 1376 mihi

316 1406 476 1447 rectius
496 1406 639 1459 colligi
659 1406 797 1447 visum
816 1411 881 1446 est
899 1406 1120 1459 utriusque
1142 1406 1204 1447 rei
1222 1405 1480 1447 adminiculo
1495 1406 1669 1447 humani
1684 1419 1808 1448 ursus

318 1477 514 1519 habenas
548 1477 765 1531 compesci
797 1482 1009 1531 oportere,
1044 1477 1186 1530 quoad
1221 1478 1313 1518 siue
1349 1490 1576 1519 causarum
1621 1478 1808 1518 omnium

318 1548 529 1603 legittima
562 1555 603 1590 et
631 1548 942 1590 indissolubilis
970 1549 1155 1590 cathena
1185 1549 1276 1590 sive
1310 1548 1380 1589 dei
1413 1548 1564 1589 summi
1587 1548 1807 1590 arbitrium

317 1621 571 1677 permiserit.
605 1621 713 1662 Nam
738 1621 820 1662 etsi
846 1621 956 1662 haec
983 1620 1067 1662 duo
1090 1620 1377 1674 gerendarum
1400 1633 1537 1662 rerum
1559 1620 1679 1661 initia
1711 1633 1809 1662 con-

320 1700 462 1734 struas
495 1706 656 1733 morum
689 1679 816 1733 intsm
850 1692 1131 1734 humanorum
1158 1692 1355 1746 peritiam
1380 1697 1422 1732 et
1453 1698 1645 1733 veterum
1667 1691 1810 1733 horta—

318 1770 463 1806 menta
490 1764 756 1817 scriptorum,
790 1776 875 1804 non
896 1770 1040 1804 tamen
1062 1776 1210 1818 parum
1234 1776 1370 1816 usque
1395 1762 1544 1813 deerit,
1565 1776 1648 1816 quo
1672 1763 1810 1804 minus

319 1835 490 1889 singula
516 1847 714 1888 quaeque
737 1834 912 1888 negotia
934 1834 1186 1888 prudentius
1208 1833 1499 1875 absolvantur.
1535 1833 1660 1884 Quod
1680 1834 1809 1888 plane

317 1907 361 1948 in
393 1913 540 1947 nostro
576 1906 750 1947 saeculo
774 1906 905 1947 tantis
928 1912 1101 1958 tamque
1121 1904 1252 1946 variis
1276 1905 1564 1946 circumvento
1593 1905 1810 1959 erumpnis

318 1978 493 2019 nimium
524 1977 669 2030 liquet.
717 1976 807 2018 Iam
840 1976 999 2018 dudum
1034 1976 1160 2027 enim,
1194 1982 1239 2017 ut
1272 1981 1450 2017 externa
1484 1982 1809 2030 praetereamus

318 2049 456 2104 gloria
499 2049 700 2103 Europae
742 2054 916 2090 nostrae
962 2048 1156 2101 quamvis
1201 2061 1253 2089 ex
1289 2046 1519 2101 prudentia
1564 2060 1734 2101 semper
1769 2054 1811 2088 et

318 2121 555 2162 litterarum
590 2121 705 2161 cultu
737 2119 938 2171 floruerit,
985 2118 1095 2160 adeo
1128 2126 1272 2160 tamen
1305 2118 1490 2160 labescit
1521 2124 1567 2159 ut
1597 2118 1681 2160 nisi
1713 2131 1810 2172 pro-

316 2198 480 2234 tectore
526 2192 710 2244 quodam
757 2190 900 2233 divino
946 2190 1120 2231 suffulta
1163 2189 1305 2241 fuerit,
1351 2189 1601 2244 propediem
1639 2189 1812 2231 exitium

320 2269 445 2317 turpe
489 2276 673 2318 passura
716 2262 927 2304 videatur.
975 2261 1133 2303 Nescio
1167 2261 1203 2302 si
1234 2274 1462 2302 recensere
1506 2261 1637 2302 liceat
1686 2273 1813 2314 quam

317 2334 466 2377 crebro
498 2335 685 2385 incursu,
721 2347 933 2386 quamque
968 2332 1191 2385 exquisitis
1224 2331 1449 2373 itineribus
1483 2345 1533 2373 ac
1557 2331 1813 2373 coctidianis

315 2405 484 2447 insidiis
504 2406 742 2459 sacrilegus
765 2405 837 2446 ille
859 2404 1118 2446 Machameti
1146 2403 1322 2444 satelles
1344 2403 1543 2455 Daciam,
1567 2402 1814 2444 Pannonias

317 2477 664 2530 Dalmatiamque
699 2483 741 2517 et
772 2475 975 2517 llliridem
1007 2489 1058 2517 ac
1091 2481 1258 2516 ceteras
1304 2474 1510 2515 finitimas
1546 2480 1687 2515 terras
1719 2486 1814 2527 pro-

318 2549 566 2602 pugnacula
587 2547 799 2589 rescuntis
823 2545 882 2601 (ll)
897 2546 911 2568 1
935 2547 1135 2600 Europae
1159 2546 1384 2599 percellat.
1421 2545 1531 2586 Nam
1555 2545 1608 2586 de
1632 2544 1816 2586 Graecia

318 2620 403 2660 iam
447 2633 559 2673 pene
605 2619 795 2660 extincta
838 2618 908 2660 vix
952 2630 1114 2671 paucos
1160 2624 1201 2657 et
1247 2616 1422 2670 quidem
1467 2630 1553 2658 non
1586 2616 1669 2657 nisi
1700 2615 1816 2656 illinc

320 2690 522 2732 oriundos
569 2703 698 2744 aegre
732 2690 892 2731 habere
926 2689 1088 2730 audias.
1139 2687 1361 2738 Quantum
1395 2687 1525 2728 draco
1564 2687 1646 2728 iste
1678 2685 1817 2727 lunari

319 2762 428 2803 silva
458 2762 633 2803 latitans
666 2761 781 2803 virus
814 2760 1002 2813 undique
1034 2773 1205 2801 versum
1243 2765 1414 2801 evomat
1447 2771 1661 2812 quamque
1684 2756 1815 2798 horri-

318 2833 400 2874 fico
419 2833 598 2887 strepitu
616 2833 779 2874 vicinas
798 2831 940 2873 teritet
957 2832 1085 2873 urbes
1105 2844 1230 2883 quam
1248 2830 1498 2884 perniciose
1515 2829 1598 2870 nisi
1621 2833 1818 2870 arceatur

441 2927 449 2945 ¹
476 2943 521 2953 :-
548 2926 698 2960 ruentis.
