1919 3273
308 117 379 151 498

308 332 502 376 Ado-iam·
533 330 796 384 Vuolfhardz'
827 329 1111 372 Transilvam'
1138 327 1485 371 Hendeeasz'llabz'
1507 328 1564 370 ad
1589 327 1802 370 Iuvenes}

571 451 654 502 Qui
685 463 831 492 musas
863 450 1000 492 colitis
1034 449 1290 500 severiores,

570 524 623 564 Et
658 522 775 564 cordi
807 521 962 575 quibus
996 528 1062 562 est
1095 528 1245 562 notare
1278 533 1444 571 versus,

571 594 726 635 Vatum
760 606 926 647 quaeve
961 593 1072 634 sient
1103 598 1252 633 tenere
1284 598 1445 645 partes,

571 665 796 720 Baptistae
828 664 961 718 legite
994 664 1075 705 hoc
1108 676 1264 717 poema
1297 675 1475 704 sacrum.

570 737 667 779 Non
701 743 767 778 est
799 736 869 778 hic
902 736 1159 788 sybariticus
1191 734 1375 786 libellus,

570 809 667 850 Non
699 809 825 862 ignes
857 807 1052 859 Veneris,
1088 806 1396 860 Cupidinisque

571 880 731 931 Arcus;
766 879 890 921 basia
922 885 1021 919 sunt
1052 879 1173 919 leves
1204 877 1387 930 iocique,

571 951 681 993 Nam
714 955 878 992 castum
910 963 1008 991 esse
1042 949 1169 990 decet
1195 948 1310 1003 pium
1337 954 1522 1002 poetam,

571 1023 626 1063 Et
647 1035 812 1071 versus,
829 1022 930 1063 licet
948 1021 1028 1062 hos
1050 1017 1192 1075 [110οῬ]
1216 1026 1349 1074 negat
1368 1019 1574 1070 Catullus,

573 1094 693 1136 Ussit
725 1093 886 1135 Lesbia
918 1105 1044 1145 quem
1077 1091 1174 1133 face
1209 1098 1251 1133 et
1282 1091 1460 1133 Diones.

573 1166 628 1206 Et
661 1177 819 1219 parvus
851 1164 960 1205 liber
991 1163 1177 1216 unioque
1211 1176 1384 1217 parvus,

573 1237 830 1277 Immensum
852 1236 969 1277 valet
990 1235 1060 1275 1110
1082 1240 1241 1283 tamen,
1261 1247 1390 1287 quum
1407 1234 1553 1288 parvis

576 1308 690 1350 Usus
723 1308 857 1348 maior
888 1307 1015 1357 inest,
1050 1306 1160 1347 solet
1193 1305 1364 1359 gravari

574 1380 736 1421 Iniusto
771 1378 946 1432 sonipes
981 1377 1162 1419 subinde
1196 1377 1331 1418 fasce.

315 1569 544 1611 Adrianus
569 1567 867 1621 Vuolfhardus
895 1567 1248 1620 Transsylvmms
1270 1565 1430 1608 artium
1454 1570 1491 1608 et
1515 1565 1811 1620 philosophiae

308 1640 539 1695 professor,
558 1639 733 1681 Hilario
756 1638 1025 1692 Vuolfhardo
1048 1638 1181 1690 fratri
1201 1653 1331 1691 quam
1354 1637 1649 1680 amantissimo
1673 1638 1715 1680 S.
1731 1636 1808 1680 D.2

435 1760 565 1802 Caius
596 1760 728 1801 Iulius
763 1759 938 1811 Caesar,
972 1765 1145 1813 praeter
1176 1758 1461 1810 clementiam,
1496 1771 1606 1811 quae
1627 1758 1813 1799 maxima

315 1833 360 1874 in
393 1845 443 1873 eo
476 1831 611 1873 fuisse
644 1831 907 1885 perhibetur,
941 1830 1082 1884 plenis
1115 1830 1280 1883 gloriae
1313 1830 1435 1881 velis,
1470 1842 1565 1870 011111
1599 1829 1812 1884 scriptori-

317 1904 398 1945 bus
443 1903 538 1945 aliis
582 1909 671 1944 tum
716 1903 866 1956 Plynio
914 1902 1101 1953 effertur,
1146 1902 1282 1942 Hilari
1327 1901 1648 1950 10011111110011110,
1699 1900 1813 1954 quod

318 1975 508 2017 scribere
543 1980 585 2017 01
615 1975 777 2027 legere,
823 1973 949 2014 simul
993 1973 1156 2015 dictare
1191 1980 1233 2014 et
1267 1972 1429 2024 audire,
1471 1973 1679 2027 epistolas
1711 1985 1812 2014 vero

318 2053 531 2088 tantarum
576 2059 715 2087 rerum
761 2052 993 2098 quaternas
1029 2045 1189 2099 pariter
1224 2044 1409 2085 librariis
1443 2043 1620 2096 dictare,
1661 2051 1734 2085 aut
1778 2044 1813 2085 si

317 2118 424 2159 nihil
456 2117 573 2159 aliud
605 2122 768 2171 ageret,
815 2123 1020 2170 septenas
1066 2117 1216 2158 solitus
1249 2115 1387 2157 fuerit.
1436 2115 1680 2170 Thucydidi
1711 2128 1812 2157 vero

317 2189 536 2231 Herodoto
568 2190 738 2231 lacteae
782 2189 831 2229 Τ.
865 2188 975 2230 Livii
1020 2187 1292 2241 eloquentiae
1339 2193 1381 2228 et
1413 2193 1459 2227 ut
1492 2193 1688 2229 caeteros
1727 2187 1813 2228 illis

318 2274 402 2302 non
435 2261 624 2315 impares
657 2261 860 2301 omittam.
907 2260 1060 2300 Plauto
1093 2264 1258 2300 tantum
1297 2258 1438 2300 laudis
1483 2272 1536 2300 ex
1568 2259 1689 2300 suavi
1721 2272 1813 2299 ver-

319 2332 469 2374 borum
490 2332 638 2386 lepore
669 2332 866 2381 accessit7
890 2337 935 2371 111
958 2330 1090 2371 Varro
1114 2343 1273 2381 musas,
1297 2330 1560 2383 Epistolonis
1585 2330 1812 2379 sententia,

320 2403 518 2444 Plautino
552 2402 668 2444 dicat
701 2416 898 2443 sermone
931 2403 1150 2443 locuturas
1185 2402 1333 2452 fuisse7
1369 2401 1404 2442 si
1435 2401 1568 2443 latine
1588 2401 1702 2454 loqui
1725 2402 1812 2442 vel-

440 2553 450 2572 1
491 2554 645 2595 „Fratris
690 2553 878 2597 Baptistae
912 2553 1097 2586 Mantuani
1141 2552 1356 2586 Carmelitae
1392 2552 1573 2597 Theologi
1606 2556 1812 2596 poetaeque

322 2613 514 2648 clarissimi
540 2616 665 2647 contra
691 2616 822 2656 poetas
848 2612 1031 2655 impudice
1058 2613 1251 2655 loquentes
1292 2622 1436 2645 carmen
1463 2612 1809 2657 elegantissimum.“

322 2673 522 2707 Wolfhard
546 2671 782 2716 kffltemenye
810 2683 830 2705 a
857 2671 1062 2714 czimlapon
1088 2682 1167 2704 van.

441 2732 453 2750 ²
483 2731 679 2775 „Dialogus
694 2732 964 2776 Mythologicus
991 2731 1237 2765 Bartholomei
1260 2730 1490 2765 Coloniensis
1515 2731 1684 2765 dulcibus
1709 2731 1812 2771 iocis,

324 2792 491 2826 iucundis
517 2791 666 2832 salibus,
694 2791 929 2834 conciliisque
958 2791 1149 2824 sententiis
1176 2790 1332 2825 refertus
1359 2794 1468 2834 atque
1487 2790 1682 2834 diligenter
1698 2800 1813 2833 nuper

325 2852 564 2887 elaboratus.“
594 2849 737 2895 Vegen:
763 2851 942 2891 „Viennae
961 2851 1171 2884 Pannoniae
1191 2851 1227 2883 in
1247 2851 1399 2884 aedibus
1418 2850 1629 2895 Hieronymi
1655 2849 1812 2884 Vietoris

326 2914 361 2945 et
388 2911 533 2945 Ioannis
561 2910 750 2955 Singrenii.
791 2910 909 2945 Pridie
936 2910 1059 2944 Nonas
1089 2909 1216 2943 Octob.
1243 2909 1351 2943 Anno
1378 2909 1445 2943 Do.
1472 2909 1516 2943 M.
1533 2908 1810 2943 CCOCC.XJI.“
