1898 3278
272 120 319 153 32

272 265 432 306 sultum
464 264 602 305 minus
635 263 876 317 providero,
910 264 1155 317 priusquam
1181 269 1333 317 urgeat
1362 263 1434 304 odi
1456 262 1761 307 delitescentes

272 348 435 384 somno,
469 334 621 388 ganeis
656 340 698 376 et
730 333 946 375 immundo
981 334 1113 375 amori
1146 334 1387 385 obstrictos,
1422 334 1493 387 qui
1521 334 1622 376 licet
1657 335 1761 389 vigi-

274 407 370 457 lem,
405 406 618 459 requirat3
652 419 751 446 nam
783 405 937 458 vigiles
972 405 1184 459 cupidinis
1218 418 1355 456 arcus,
1390 405 1561 447 delitias
1591 419 1762 447 amarus

275 490 394 518 amor
426 476 632 530 exposcit,
680 482 747 517 ast
781 476 988 526 exorbito,
1027 488 1106 516 1100
1138 476 1308 529 proprio
1342 476 1512 517 stimulo
1546 481 1761 520 contenta.

274 548 370 589 aliis
392 548 535 589 calcar
565 546 691 595 addo,
717 548 886 599 quoties
909 560 992 599 res,
1024 553 1066 588 et
1089 547 1125 587 si
1148 546 1405 599 quandoque
1433 553 1553 588 arcta
1580 553 1761 589 curetur.

276 618 364 661 Sed
397 631 421 660 0
454 618 634 672 Jupiter,
670 617 771 671 quid
803 618 971 659 intueor
1004 617 1241 672 profecisse
1262 617 1346 658 iam
1368 617 1510 659 lassa!
1547 617 1659 667 Quid
1681 632 1763 672 ego

275 690 432 731 misera
465 689 533 730 hic
567 702 708 740 cerno,
742 689 927 730 homone
961 702 1016 730 an
1049 688 1177 730 belua
1211 694 1289 737 est,
1324 702 1420 729 nam
1449 701 1583 731 coeno
1612 689 1764 730 illitum

271 760 533 814 squallidum
579 766 773 801 truncum
819 759 1001 801 arbitror
1045 766 1373 814 torpescentem.
1407 760 1525 801 Heus
1558 766 1616 811 tu,
1663 760 1764 813 quid

274 832 437 884 stertis,
472 838 515 872 tu
538 832 724 884 inquam,
750 831 826 872 tibi
849 831 958 882 dico,
983 831 1167 872 homone
1191 844 1243 871 an
1268 836 1539 872 monstruosa
1562 831 1763 882 chimera,

274 917 361 945 non
384 903 596 955 loqueris3
632 908 699 944 ast
722 902 949 953 hominem,
985 916 1038 943 011
1062 901 1267 943 schedam
1294 908 1419 942 notas
1442 901 1591 947 affixit,
1616 902 1763 943 mirum

277 975 349 1028 qui
380 974 600 1028 ingenium
634 987 741 1027 opus
776 973 931 1026 exequi
962 978 1143 1026 poterat.
1181 971 1267 1013 Sed
1300 973 1456 1025 legam,
1490 972 1597 1026 proh
1620 971 1662 1014 di
1691 972 1765 1013 im-

276 1046 493 1095 mortales,
528 1045 629 1098 quid
662 1045 812 1095 video;
847 1045 884 1085 is
906 1051 984 1095 est,
1020 1057 1146 1096 quem
1179 1044 1284 1084 mari
1305 1043 1514 1096 terrisque
1536 1049 1767 1097 prosecuta

274 1131 383 1159 sum.
420 1117 523 1158 Cum
558 1117 669 1157 enim
702 1115 915 1156 infantula
936 1115 1090 1166 adhuc,
1116 1115 1348 1169 Torporem
1368 1114 1509 1156 charis
1533 1128 1559 1155 a
1580 1114 1766 1168 parenti-

277 1189 358 1230 bus
391 1188 552 1242 profari
597 1187 829 1238 audissem,
875 1200 1030 1228 nomen
1075 1187 1247 1228 tenellis
1287 1199 1337 1227 ac
1370 1185 1556 1227 credulis
1594 1185 1767 1227 auribus

278 1261 518 1303 molestum.
537 1272 707 1312 semper
722 1265 969 1309 monstrum,
986 1258 1068 1299 1100
1084 1258 1307 1310 hucusque
1323 1257 1513 1299 crebrius
1529 1256 1765 1309 insequem,

280 1331 412 1385 probe
446 1337 584 1371 teneo.
625 1330 744 1371 Heus
777 1336 823 1371 tu
855 1330 1045 1383 Torpor!
1080 1330 1258 1383 Torpor,
1292 1330 1350 1370 nil
1381 1327 1658 1382 respondes?
1690 1328 1767 1370 sed

281 1403 375 1455 quis
398 1415 465 1443 me
487 1402 644 1443 misera
665 1401 832 1442 beatior
852 1401 963 1442 foret
985 1414 1186 1453 unquam,
1211 1400 1246 1441 si
1269 1400 1337 1441 hic
1359 1399 1577 1441 lethaeum
1599 1405 1766 1453 gustas-

280 1481 359 1522 set,
395 1474 604 1527 experiar.
640 1473 806 1526 Torpor
832 1479 873 1513 te
906 1472 1017 1521 volo,
1051 1478 1093 1513 te
1127 1484 1208 1525 ego
1242 1485 1319 1525 per
1351 1484 1544 1513 somnum
1572 1470 1767 1512 dulcissi-

279 1559 407 1595 mum,
441 1544 659 1585 hominum
705 1543 955 1597 corporibus
989 1543 1117 1584 tacite
1161 1544 1421 1597 irrepentem
1461 1542 1607 1583 mortis
1641 1542 1767 1582 simu-

281 1616 487 1667 lachrum,
522 1615 684 1665 adiuro,
718 1614 942 1668 responde.
990 1613 1229 1656 TORPOR.
1264 1614 1344 1664 Hu,
1378 1613 1447 1655 hu.
1496 1612 1604 1654 VIG.
1642 1613 1768 1663 Perii,

280 1688 394 1730 vivit.
432 1686 555 1728 TOR.
592 1685 696 1735 Quis
729 1700 796 1727 me
830 1685 1028 1727 miserum
1062 1691 1183 1726 tanta
1216 1686 1426 1727 svavitate
1461 1683 1618 1726 orbat‘?
1653 1683 1768 1734 Sine,

282 1759 477 1807 obsecro,
514 1759 619 1806 sine,
644 1764 851 1811 torpeam.
876 1757 983 1798 VIG.
1009 1756 1146 1810 Surge
1169 1757 1371 1810 ignavum
1393 1755 1551 1810 pecus!
1582 1755 1769 1808 inquam,

280 1843 421 1883 surge.
457 1829 607 1870 Nonne
632 1841 854 1869 musaeum
886 1828 1038 1879 cernis,
1064 1828 1125 1869 sic
1148 1832 1425 1881 conspectum
1449 1827 1596 1881 optimi
1617 1825 1770 1880 princi-

281 1902 348 1955 pis
383 1899 523 1942 colis‘?
555 1899 678 1940 TOR.
712 1900 819 1940 Hem
854 1899 955 1952 quid
979 1898 1080 1940 est‘?
1113 1899 1300 1940 Esumne
1331 1904 1403 1939 aut
1435 1903 1580 1951 potum
1602 1895 1771 1938 vocas‘?

280 1973 363 2023 Da,
410 1972 603 2019 obsecro,
651 1970 764 2023 quod
798 1970 1011 2021 mandam,
1059 1970 1257 2023 quodque
1292 1969 1511 2019 obsonem,
1552 1974 1597 2009 ut
1630 1968 1770 2010 denuo

282 2050 488 2098 torpeam.
524 2042 631 2083 VIG.
662 2042 759 2083 Tibi
782 2041 876 2083 dico
900 2042 1059 2095 vigilia.>
1081 2055 1201 2082 sume
1225 2047 1412 2082 actutum
1434 2040 1662 2093 mapulam,
1687 2052 1771 2092 qua

282 2115 430 2157 oculos
463 2114 704 2166 abstergas.
757 2112 880 2154 TOR.
927 2113 1011 2155 Ubi
1042 2113 1191 2167 patina
1222 2118 1398 2166 praesta
1430 2124 1614 2161 urceum,
1660 2110 1769 2164 ligu-

282 2187 387 2227 riam
412 2199 494 2238 quo
516 2198 707 2226 somnum
739 2185 944 2226 incitasso
975 2184 1156 2227 facilius.
1190 2183 1295 2224 VIG.
1318 2183 1454 2224 Belua
1476 2196 1560 2224 non
1583 2195 1769 2233 urceum,

283 2257 362 2298 sed
386 2270 472 2307 sus,
497 2269 639 2310 surge,
664 2256 849 2309 inquam,
875 2269 900 2297 a
923 2269 1071 2298 coeno.
1101 2254 1226 2296 TOR.
1250 2255 1381 2306 Bene,
1406 2254 1589 2295 Hercule
1610 2253 1770 2307 praebe

283 2329 465 2378 suillam,
485 2327 616 2382 probe
635 2325 679 2380 (1)
704 2327 960 2381 saginatam,
982 2327 1071 2377 sed,
1092 2339 1267 2379 quaeso,
1292 2338 1484 2379 papaver
1506 2324 1769 2378 adspergito‚

282 2413 383 2440 nam
402 2406 442 2440 et
461 2398 503 2439 id
522 2398 577 2439 ad
599 2411 792 2439 somnum
814 2398 929 2439 facit.
950 2398 1058 2439 VIG.
1082 2397 1137 2437 Di
1154 2404 1196 2437 te
1211 2396 1407 2450 perdant,
1425 2396 1558 2450 vigila
1577 2393 1769 2436 tandem!

284 2470 409 2512 TOR.
432 2471 546 2511 Beas
568 2483 648 2514 me,
673 2483 768 2510 011111
791 2482 967 2523 pernam
991 2468 1203 2518 nominas,
1240 2467 1347 2508 cedo
1371 2466 1498 2508 etiam
1522 2465 1769 2520 glandulas!

285 2542 411 2583 nimis
456 2548 606 2583 venter
650 2540 764 2581 fame
798 2546 959 2594 crepat,
1005 2552 1188 2581 vacuum
1221 2544 1376 2579 metuo.
1424 2536 1532 2578 VIG.
1573 2536 1771 2578 Nondum

285 2611 476 2666 vigilas?
511 2612 642 2666 vigila
662 2612 840 2665 Torpor,
874 2611 1006 2664 vigila
1035 2610 1211 2664 Torpor,
1245 2609 1388 2662 vigila,
1422 2608 1554 2661 vigila
1583 2621 1636 2648 en
1664 2607 1771 2661 pati-

285 2698 397 2728 nam,
432 2696 616 2733 urceum,
652 2695 815 2731 sumen,
850 2694 1022 2736 pernas,
1056 2680 1296 2734 glandulas.
1331 2678 1454 2721 TOR.
1487 2679 1581 2720 Heu
1608 2691 1676 2719 me
1697 2677 1771 2718 mi-

279 2769 449 2804 serum,
495 2755 589 2807 quis
634 2760 721 2794 tam
765 2754 1029 2807 importunus
1075 2765 1249 2793 somnus
1294 2764 1405 2792 nunc
1446 2763 1513 2791 me
1560 2748 1770 2803 occupat!

286 2827 576 2881 Vigilandum,
602 2826 737 2867 satius
762 2825 840 2866 erit
862 2837 987 2875 nunc,
1017 2837 1143 2876 quam
1166 2820 1507 2876 torpescendum.
1540 2819 1646 2861 VIG.
1675 2819 1773 2860 Tibi

280 2897 395 2948 dico,
431 2897 575 2950 vigila,
600 2896 816 2950 conspice,
851 2895 1141 2948 contemplare
1165 2906 1271 2946 quos
1298 2905 1460 2934 cernas.
1496 2890 1620 2933 TOR.
1645 2890 1774 2931 Miser
