1955 3278
332 104 400 138 262

333 258 401 291 475

333 612 402 647 480

334 968 403 1001 485

335 1325 405 1359 490

334 1682 403 1715 495

336 2038 404 2073 500

336 2390 404 2428 505

338 2749 406 2784 510

453 246 524 289 Sic
555 247 690 300 liquet
723 248 937 290 celebrem
970 261 1048 289 sua
1081 262 1239 302 magna
1272 249 1466 302 potentia
1498 248 1711 302 Romam,1

511 318 752 371 Fractaque
787 318 848 360 sic
882 319 1019 360 sensit
1052 319 1225 373 publica
1258 318 1429 371 (13111113,
1464 332 1606 361 neces.

453 389 537 430 Aut
568 402 645 431 vos
678 390 875 444 perpetui
909 396 1069 431 vexant
1102 390 1259 431 oblivia
1292 391 1441 442 somni,

511 459 696 502 Lethei2
729 466 803 501 aut
834 461 1001 512 latices,
1037 461 1166 503 corda
1199 461 1367 514 sepulta
1402 467 1561 503 tenent.

452 531 597 572 Patria
628 545 725 572 nam
760 531 896 574 dulcis
932 545 1064 574 saevo
1098 545 1306 586 percussa
1340 531 1501 583 dolore,

511 603 575 643 En
609 603 797 657 graviter
830 609 985 655 questu
1022 610 1147 644 nocte
1182 603 1336 655 dieque
1371 604 1515 657 gemit.

452 674 538 715 Vos
570 680 714 715 tamen
745 674 902 728 ingrati
935 674 1106 716 domino
1140 674 1396 728 patriaeque
1429 675 1594 716 labanti

512 744 674 785 Taliter
705 745 817 786 hanc
851 744 988 786 sinitis
1022 751 1083 786 tot
1117 745 1229 786 mala
1265 751 1420 798 sponte
1454 746 1556 799 pati.

453 815 547 857 Heu
580 815 681 868 quid
710 816 764 857 ab
799 815 939 857 officio
969 815 1168 869 digressa
1200 822 1265 856 est
1297 816 1473 869 gratia?
1507 817 1644 867 Quum
1667 829 1747 860 vos

514 887 632 928 Haec
665 887 833 940 peperit
866 900 996 927 sanos
1028 886 1251 940 relligione
1286 900 1426 941 pares,

452 958 709 1011 Progenitos
742 958 847 998 aluit
879 964 1101 999 mansveto
1135 964 1310 1011 pectore
1346 971 1528 1013 semper,

512 1024 735 1083 Ingenium
768 1029 975 1079 tribuens,
1010 1029 1310 1082 eloquiumque
1347 1029 1517 1072 bonum.

454 1100 624 1142 Divitiis
656 1100 824 1142 validos
857 1107 956 1154 post
989 1100 1070 1142 hoc
1104 1100 1325 1142 decoravit
1359 1101 1526 1155 opimis,

512 1171 702 1225 Legibus
737 1178 778 1212 et
812 1171 943 1213 firmis
976 1172 1151 1219 iuribus,
1187 1185 1238 1213 ac
1271 1172 1417 1214 titulis.

455 1243 583 1284 Auxit
616 1256 721 1297 opes
754 1243 910 1284 multas
945 1243 1219 1297 splendentia
1251 1250 1397 1285 vestra
1429 1257 1505 1298 per
1538 1243 1685 1285 orbem

514 1314 696 1356 Nomina
730 1314 973 1368 divulgans,
1008 1320 1237 1356 stemmata
1269 1320 1414 1357 vestra
1446 1315 1600 1369 palam.

453 1386 674 1427 Praestitit
706 1385 803 1427 hinc
835 1386 957 1428 vobis
991 1386 1205 1428 connubia
1239 1399 1376 1438 sacra,
1410 1387 1630 1439 facesque,

513 1457 566 1498 Et
599 1457 753 1498 charas
787 1457 959 1499 soboles
993 1455 1187 1511 (pignora
1221 1455 1360 1511 grata)
1393 1471 1537 1499 nurus.

452 1529 506 1569 Et
539 1529 887 1582 consanguineos
919 1529 1075 1570 fratres
1107 1542 1351 1583 parvosque
1385 1535 1580 1582 nepotes,

512 1600 622 1641 Hinc
653 1600 757 1642 fecit
789 1614 949 1653 magna
983 1600 1286 1642 commoditate
1322 1600 1417 1642 frui.

452 1672 692 1725 Lanigeras
714 1678 943 1725 praestans
966 1671 1173 1726 pecudes,
1199 1685 1338 1725 genus
1362 1685 1486 1713 omne
1510 1671 1710 1714 ferarum.

515 1743 586 1785 Sic
618 1749 812 1785 armenta
843 1743 985 1795 boum,
1018 1743 1201 1797 praedia
1232 1744 1334 1794 lata,
1371 1756 1510 1795 casas,

453 1814 507 1856 Et
540 1828 709 1866 census,
745 1828 932 1869 campos,
967 1815 1105 1866 villas,
1138 1815 1394 1867 rutilumque
1427 1815 1646 1856 metallum

513 1886 699 1939 Irriguos
732 1886 892 1933 hortos,
924 1899 1102 1940 pascua,
1135 1899 1247 1937 rura,
1282 1899 1451 1940 greges.

453 1956 656 1999 Piscosos
689 1970 852 2009 amnes,
886 1958 1142 2011 pinguentia
1174 1957 1371 2010 frugibus
1405 1970 1509 1998 arva-

513 2029 749 2083 Argentum
781 2028 974 2081 nitidum,
1007 2041 1354 2083 purpureumque
1390 2041 1572 2069 crocum.

456 2099 730 2141 Glandiferas
765 2100 910 2151 silvas,
943 2101 1080 2151 111000,
1113 2100 1306 2154 1101113113
1337 2099 1514 2151 fructus,

513 2172 567 2212 Et
598 2172 759 2225 pariter
791 2177 969 2212 cunctas
1002 2171 1237 2212 fertilitatis
1271 2184 1386 2225 opes.

454 2242 530 2284 Illa
564 2243 675 2297 parit
708 2242 917 2295 siquidem
951 2242 1202 2296 phasianos,
1238 2248 1366 2294 atque
1400 2242 1639 2296 palumbes,

517 2312 587 2355 Sic
621 2326 784 2364 cervos,
819 2313 982 2365 damas,
1018 2314 1373 2367 caprigerumque
1407 2326 1553 2367 pecus.

454 2384 575 2425 Haec
606 2385 762 2425 multas
796 2385 949 2439 opibus
984 2390 1197 2425 sustentat
1230 2384 1369 2437 patria
1402 2390 1569 2437 gentes,

513 2454 768 2509 Divitiisque
804 2456 892 2497 suis
924 2455 1107 2509 plurima
1139 2467 1275 2508 regna
1307 2454 1435 2496 fovet.

454 2525 654 2567 Partibus
686 2526 923 2568 Austriacis
957 2532 1080 2569 vasto
1115 2526 1167 2567 de
1202 2526 1371 2579 gurgite
1406 2526 1563 2579 pisces,

515 2598 782 2638 Transmittit
814 2598 983 2649 multos,
1016 2597 1320 2651 lanigerasque
1355 2610 1524 2650 greges.

457 2668 593 2721 Atque
617 2669 752 2710 boves
776 2681 961 2720 crassos,
995 2681 1166 2720 vaccas,
1191 2669 1460 2724 pinguesque
1480 2668 1703 2720 iuvencos,

516 2738 768 2791 Castaneas,
802 2740 977 2792 milium,
1011 2740 1188 2794 pinguia
1221 2740 1357 2790 larda,
1393 2752 1511 2792 cepe.

456 2890 468 2910 ¹
494 2891 673 2926 Rhomam
699 2891 742 2925 A.
798 2891 809 2909 ²
836 2890 985 2925 Laethei
1014 2892 1057 2923 A.
