1898 3278
1558 155 1601 187 51

123 310 289 349 aequae
316 309 367 337 ac
396 296 668 338 insidiatores
693 297 926 350 aspernari.
961 296 1300 338 Calumniatores
1322 297 1482 339 maiore
1506 297 1603 339 odio

124 381 250 420 quam
283 367 400 408 fures
432 367 594 408 habere
627 366 829 408 maiorem
853 366 1000 408 dicens
1023 380 1120 408 esse
1143 368 1364 417 iacturam,
1387 374 1432 408 ut
1454 368 1604 421 Agesi-

124 439 218 479 laus
264 451 431 490 quoque
475 437 847 479 Lacedaemonius
893 437 1036 478 dicere
1070 438 1250 483 solebat,
1296 439 1445 480 amicis
1479 453 1604 491 quam

124 509 317 562 pecuniis
339 508 492 550 orbari.
526 509 791 550 Privatorum
813 514 954 549 errata
975 521 1112 561 aeque
1135 508 1261 559 ferre,
1288 515 1435 550 contra
1458 523 1605 563 regum

123 579 409 620 intolerabilia
441 586 655 633 reputare,
689 578 838 620 dicens
872 593 923 620 ex
955 579 1122 620 illorum
1158 581 1349 632 peccatis
1382 594 1522 634 pauca
1554 594 1607 622 ex

124 649 273 690 horum
291 651 443 691 erratis
466 651 598 691 multa
618 650 731 691 mala
751 650 988 703 provenire.
1012 650 1114 691 Post
1136 650 1245 691 haec
1267 651 1427 692 nullam
1450 665 1606 705 cupere

124 720 316 773 gloriam,
350 721 432 762 nisi
463 721 635 775 propria
668 734 799 774 opera
832 727 873 761 et
906 722 1059 762 virtute
1092 727 1306 762 navatam.
1343 721 1607 776 Sapientiam

125 804 170 832 re
204 791 354 845 magis⁷
395 805 522 843 quam
554 791 696 833 verbis
730 804 946 842 exercere,
993 792 1140 833 amicis
1174 805 1220 833 se
1254 791 1608 846 benignissimum

126 868 358 916 praestare,
393 863 574 903 inimicis
619 862 875 903 horribilem.
921 863 999 902 Rei
1030 862 1212 904 bellicae
1247 876 1297 904 ac
1331 865 1606 916 equitationis

127 933 425 987 peritissimus,
458 947 544 974 11011
577 933 791 975 destinato
825 933 975 985 solum,
1010 933 1087 974 sed
1118 934 1357 985 6111110616,
1382 936 1609 977 occasione

128 1011 170 1045 et
199 1005 485 1058 spurcissimis
515 1004 844 1058 tempestatibus
867 1018 961 1046 cum
985 1004 1121 1046 hostis
1146 1011 1280 1046 tutum
1309 1019 1355 1047 se
1377 1006 1468 1048 fore
1491 1013 1611 1061 puta-

127 1080 204 1126 ret,
228 1075 435 1128 praelium
469 1088 601 1129 saepe
636 1075 883 1129 sumpsisse.
918 1075 1061 1116 Curuli
1093 1075 1408 1129 11166110,ν61111
1433 1077 1475 1117 in
1498 1078 1611 1119 bello

127 1145 314 1187 Troiano
348 1152 527 1196 certare,
563 1159 695 1199 saepe
731 1146 861 1187 carris
895 1146 1200 1187 circumvenire
1240 1147 1421 1197 hostem„
1459 1149 1612 1200 quibus

129 1223 170 1258 et
203 1230 279 1270 pro
312 1217 424 1258 vallo
459 1218 532 1268 uti⁷
566 1217 668 1258 item
700 1217 743 1257 111
777 1224 866 1258 6116
900 1215 1071 1258 militari
1099 1231 1151 1258 ea
1178 1219 1466 1270 commentari,
1502 1233 1611 1272 quae

129 1288 224 1329 aliis
267 1288 477 1329 hactenus
515 1288 663 1341 ignota
701 1287 871 1329 fuerint.
926 1288 972 1329 In
1019 1288 1229 1329 obeundis
1268 1289 1613 1343 expeditionibus

129 1358 303 1399 dubium
349 1359 512 1401 cautior
544 1373 598 1400 an
631 1359 870 1404 audentior,
916 1360 1069 1400 itinera
1113 1360 1354 1401 incredibili
1393 1362 1613 1402 celeritate

131 1429 341 1472 conficere
376 1438 416 1471 et
449 1437 632 1471 centena
664 1432 706 1471 in
740 1430 932 1483 singulos
966 1430 1058 1471 dies
1092 1430 1227 1471 rheda
1258 1431 1376 1473 milia
1407 1445 1613 1486 passuum

130 1499 408 1555 percurrisse,
442 1501 601 1542 laboris
623 1508 664 1542 et
687 1502 927 1555 vigiliarum
950 1501 1303 1555 patientissimus,
1326 1516 1401 1555 pro
1422 1510 1613 1557 tempore

131 1585 183 1613 ac
215 1572 310 1613 loco
343 1585 480 1624 aeque
515 1585 691 1613 severus
726 1579 767 1613 61
799 1573 1029 1626 indulgens
1062 1573 1105 1613 in
1138 1573 1307 1625 milites,
1342 1587 1367 1614 a
1389 1574 1614 1617 desertori-

132 1643 211 1684 bus
246 1649 286 1684 et
318 1643 535 1684 insidiosis
570 1641 763 1684 severius
796 1657 961 1697 poenas
989 1644 1176 1697 exigere.
1203 1645 1430 1686 connivere
1454 1646 1495 1686 in
1520 1660 1615 1688 cae-

131 1714 248 1755 teris.
294 1714 359 1755 Ad
393 1714 658 1756 iracundiam
691 1714 921 1756 difficulter
953 1715 1107 1755 irritari
1141 1721 1182 1755 et
1215 1729 1299 1756 non
1333 1716 1424 1757 sine
1458 1731 1616 1770 magna

133 1798 278 1837 causa,
303 1790 345 1826 et
363 1784 542 1826 irritatio
565 1786 671 1826 nihil
703 1785 924 1827 ardentius
959 1792 1000 1826 et
1034 1785 1230 1827 acerbius
1254 1800 1366 1838 esse,
1389 1787 1432 1827 in
1455 1788 1616 1841 praelio

134 1857 384 1898 acerrimum
428 1857 629 1910 pugilem7
672 1863 713 1898 et
747 1857 925 1898 victoria
957 1857 1128 1897 facilem
1162 1863 1203 1897 et
1243 1858 1504 1899 exorabilem
1543 1860 1617 1900 im-

134 1933 397 1980 peratorem3
445 1934 718 1969 contemnere
752 1928 975 1982 superbos,
1016 1942 1062 1969 se
1096 1928 1382 1970 mediocribus
1415 1930 1617 1971 humilem

135 2004 372 2052 praestare,
419 1998 647 2040 amicorum
682 1998 782 2040 fidei
816 1998 1006 2049 credere⁷
1053 1999 1106 2040 ab
1141 1999 1336 2041 hostibus
1370 2000 1618 2042 difficillime

136 2069 290 2123 decipi,
337 2070 379 2110 in
414 2069 683 2111 stabiliendis
727 2070 857 2111 rebus
890 2071 932 2110 in
966 2070 1162 2111 delendis
1207 2070 1403 2112 hostibus
1445 2071 1619 2113 assiduo

135 2140 356 2188 laborare3
390 2140 496 2181 nihil
525 2140 742 2194 denegare
775 2141 1036 2194 petentibus,
1070 2141 1121 2182 de
1153 2154 1198 2182 se
1226 2142 1337 2183 bene
1360 2142 1620 2183 merentibus

138 2224 365 2252 memorem
399 2218 440 2252 et
473 2211 815 2265 periclitantibus
850 2225 895 2253 se
920 2211 1156 2253 auditorem
1187 2211 1304 2263 dare⁷
1338 2213 1430 2267 ipse
1453 2226 1621 2266 quoque

138 2281 350 2322 neminem
383 2282 546 2334 absque
582 2283 752 2324 tristitia
784 2296 951 2336 rogare,
999 2288 1039 2323 et
1073 2283 1164 2324 sine
1199 2284 1422 2325 alacritate
1465 2284 1623 2325 nemini

138 2352 332 2405 obsequi⁷
378 2353 433 2394 ad
467 2353 710 2406 augendam
757 2355 848 2395 eius
881 2355 1063 2407 gratiam
1096 2354 1201 2394 nihil
1246 2368 1339 2395 cum
1372 2355 1487 2396 fastu
1521 2355 1622 2396 dare

139 2423 328 2476 nihilque
347 2425 428 2465 nisi
446 2425 586 2478 ample
610 2425 843 2479 suscipere7
863 2425 1024 2478 Regiae
1044 2425 1227 2477 denique
1252 2425 1449 2478 dignitati
1472 2434 1623 2479 putare

140 2508 224 2536 non
258 2495 471 2544 astutiam,
518 2495 595 2537 sed
628 2496 832 2537 bonitatis
868 2496 1167 2537 excellentiam
1202 2497 1444 2542 convenire,
1492 2503 1546 2547 61,
1580 2503 1625 2537 ut

140 2566 275 2607 Porus
307 2567 379 2607 1116
412 2580 487 2608 rex
519 2567 667 2619 inquit.
714 2567 965 2620 dignitatem
1006 2567 1169 2620 regiam
1203 2567 1345 2608 omnia
1390 2568 1623 2609 continere.

142 2638 258 2678 Haec
290 2638 419 2690 igitur
451 2639 592 2678 omnia
625 2652 734 2691 quae
768 2637 823 2679 ad
857 2638 1172 2679 sanctissimum
1219 2639 1625 2690 serenissimumque

141 2722 288 2762 regem
320 2708 548 2762 pertinent7
583 2709 795 2762 sapientia
828 2715 900 2749 tua
933 2709 1009 2750 tibi
1042 2709 1208 2761 peperit
1235 2723 1287 2749 ex
1310 2709 1437 2750 animi
1462 2708 1626 2749 ratione

142 2780 350 2833 profecta,
397 2794 479 2833 qua
524 2780 701 2833 primum
747 2794 772 2821 a
806 2780 988 2821 caeteris
1036 2780 1323 2821 animantibus
1363 2793 1625 2834 separamur.

144 2851 323 2903 Reliqua
369 2858 433 2893 est
478 2851 625 2903 oratio,
673 2865 782 2904 quae
823 2851 1076 2904 dignitatem
1122 2851 1304 2892 hominis
1344 2851 1547 2891 maiorem
1585 2851 1627 2891 in

145 2921 316 2963 modum
367 2930 565 2973 exornat,
620 2936 757 2975 eaque
802 2936 855 2964 ne
906 2922 1005 2974 quid
1054 2928 1153 2963 tuae
1203 2922 1424 2963 serenitati
1471 2921 1627 2963 deesse

1442 3004 1484 3035 4*
