1955 3278
348 131 415 164 170

346 275 490 327 Turpe
526 273 623 314 duci
656 282 789 315 totam
814 288 961 316 somno
986 288 1238 316 consumere
1260 282 1427 316 noctem
1448 276 1592 329 Turpe
1616 276 1714 318 duci
1736 277 1835 319 vino

347 351 541 386 sanctum
587 354 797 386 temerare
843 345 1060 399 pudorem.
1111 345 1278 400 Quippe
1326 360 1420 387 cum
1460 347 1562 387 nihil
1596 354 1675 399 est,
1722 348 1836 401 quod

346 417 482 469 magis
530 415 680 457 ducem
732 424 773 457 et
821 417 1053 470 principem
1104 417 1316 459 dedeceat
1370 431 1496 470 quam
1541 419 1610 459 vel
1662 432 1835 461 somnus

347 488 416 529 vel
448 488 697 539 uinolentia,
745 487 850 528 nihil
884 502 984 529 uero
1020 489 1157 541 magis
1191 489 1344 529 deceat
1378 502 1503 541 quam
1538 489 1748 531 sobrietas
1794 496 1838 532 et

346 559 582 612 vigilantia.
617 559 938 613 Epaminondas
973 559 1057 600 dux
1090 560 1325 601 Thebanus
1359 573 1454 601 cum
1485 560 1600 601 cives
1625 561 1689 601 sui
1712 561 1836 603 festis

347 630 602 682 quibusdam
633 630 785 672 diebus
809 631 989 672 solutius
1013 631 1389 685 conpotationibus
1412 631 1684 684 indulgerent
1707 633 1836 674 licen-

346 701 515 754 tiusque
562 701 854 755 voluptatibus
899 702 1152 753 fruerentur,
1198 703 1268 743 ille
1303 702 1420 743 solus
1458 703 1560 756 vigil
1594 709 1635 744 et
1669 703 1837 745 sobrius

349 786 467 813 arma
499 773 722 823 lustrabat,
759 779 800 813 et
834 773 949 814 urbis
984 773 1291 814 obambulabat
1324 774 1503 814 moenia.
1540 774 1732 827 Rogatus
1766 790 1839 817 cur

346 844 390 885 id
436 845 612 895 faceret,
658 845 880 899 respondit
926 859 971 887 se
1018 846 1204 887 sobrium
1252 859 1350 887 esse
1397 853 1439 887 et
1477 847 1669 900 vigilare,
1710 860 1838 900 quum

350 916 526 968 reliquis
550 917 698 958 liceret
719 918 976 958 temulentos
1001 930 1098 958 esse
1118 923 1159 958 et
1183 917 1377 958 dormire.
1407 918 1663 959 Plutarchus
1688 918 1840 959 author

347 987 391 1028 in
422 988 568 1029 libello
602 988 811 1029 adversus
845 988 998 1029 ducem
1030 989 1283 1042 imperitum.
1318 989 1554 1029 Antiochus
1578 996 1719 1030 autem
1745 1002 1838 1030 cum

348 1059 550 1100 Romanis
583 1059 741 1100 bellum
776 1059 999 1111 indiceret,-
1046 1066 1087 1100 et
1120 1060 1329 1101 adversus
1363 1073 1437 1101 eos
1472 1073 1590 1101 arma
1633 1067 1839 1112 moveret,

349 1130 502 1171 (licitur
545 1131 680 1172 fuisse
726 1137 878 1185 captus
923 1144 1067 1172 amore
1111 1131 1331 1172 cuiusdam
1372 1132 1541 1185 puellae
1589 1131 1838 1182 Chalciden,

350 1215 443 1243 cum
492 1215 576 1254 qua
621 1210 722 1243 tunc
770 1202 1005 1244 celebravit
1052 1203 1224 1256 nuptias
1279 1216 1372 1244 cum
1420 1203 1593 1244 iamiam
1645 1216 1839 1256 pugnare

351 1273 511 1323 debuit,
559 1279 691 1313 totum
726 1274 921 1327 hyemem
954 1274 1065 1315 inter
1098 1274 1196 1315 vina
1242 1280 1283 1315 et
1321 1274 1532 1315 Venerem
1568 1288 1838 1316 consumens.

350 1345 403 1385 Et
435 1345 545 1385 inter
578 1344 686 1385 haec
711 1358 735 1385 a
759 1345 961 1386 Romanis
994 1359 1229 1399 aggressus
1252 1352 1293 1387 et
1327 1352 1567 1399 superatus,
1597 1346 1667 1387 vix
1699 1346 1840 1400 Ephe-

351 1430 442 1456 sum
490 1415 669 1469 aufugit.
723 1416 804 1466 Qui
850 1425 892 1457 et
930 1418 983 1458 ab
1029 1417 1272 1458 Hannibale
1317 1430 1456 1471 poeno
1495 1424 1594 1459 tunc
1634 1417 1749 1471 apud
1795 1431 1841 1459 se

351 1488 562 1529 existente
607 1488 754 1528 irrisus
798 1488 878 1528 fuit
918 1496 960 1529 et
993 1488 1297 1539 subsannatus,
1345 1488 1443 1529 dum
1483 1488 1565 1530 sibi
1610 1489 1842 1530 exercitum

352 1559 493 1599 aureis
518 1565 560 1600 et
581 1560 800 1612 argenteis
819 1560 1088 1612 caeterisque
1110 1560 1351 1613 insignibus
1375 1566 1569 1601 ornatum
1591 1566 1841 1612 ostentaret,

351 1630 747 1683 gloriabundusque
793 1638 1020 1683 quaereret
1064 1632 1118 1673 ab
1165 1645 1230 1682 eo,
1277 1645 1331 1672 an
1375 1631 1447 1672 illa
1494 1631 1636 1672 omnia
1674 1638 1844 1686 putaret

353 1702 457 1742 satis
492 1715 589 1743 esse
623 1702 837 1743 Romanis.
886 1703 1101 1744 Hannibal
1134 1716 1234 1744 vero
1281 1711 1536 1744 armatorum
1570 1709 1616 1744 ut
1649 1703 1843 1756 captiose

351 1773 565 1826 ignaviam
589 1787 666 1827 per
698 1773 840 1814 luxum
875 1780 917 1814 61
948 1774 1048 1814 vina
1081 1774 1436 1815 marcescentium
1460 1780 1641 1821 notaret,
1665 1787 1845 1828 respon-

353 1844 426 1894 dit,
474 1845 579 1885 satis
614 1858 726 1896 esse,
773 1845 901 1886 etiam
937 1846 973 1886 si
1004 1846 1183 1886 Romani
1229 1846 1471 1886 auarissimi
1516 1845 1612 1887 sint.
1661 1845 1757 1887 Non
1790 1845 1843 1887 de

353 1916 678 1969 aequiparentia
711 1916 789 1958 sed
822 1916 876 1958 de
910 1917 1074 1971 praeda
1096 1917 1343 1970 intelligens
1372 1917 1514 1958 sciens
1537 1917 1682 1969 utique
1706 1917 1844 1958 minus

353 1987 582 2029 convenire
631 1994 676 2028 ut
707 1988 793 2040 ille,
839 1988 911 2041 qui
944 1988 1102 2029 bellum
1147 1994 1332 2042 gereret,
1380 1988 1614 2029 exercitum
1655 1987 1843 2038 duceret,

353 2059 425 2111 qui
456 2072 593 2112 regna.
624 2072 881 2113 propagare,
916 2059 1058 2100 aliena
1090 2067 1276 2109 vastare,
1320 2059 1448 2101 urbes
1481 2059 1640 2111 delere,
1687 2059 1846 2113 oppida

356 2130 598 2181 excindere,
632 2131 791 2172 liberos
823 2131 1005 2185 populos
1039 2137 1111 2172 aut
1144 2131 1370 2183 trucidare,
1407 2136 1479 2171 aut
1512 2144 1616 2171 suae
1640 2130 1845 2172 servitute

356 2201 567 2242 subiicere
601 2209 790 2256 cuperet,
825 2216 901 2256 per
932 2202 1152 2243 libidinem
1176 2201 1231 2243 ad
1253 2203 1532 2255 voluptatem,
1556 2215 1632 2255 per
1650 2202 1844 2255 volupta-

356 2279 439 2313 tem
473 2272 528 2313 ad
563 2273 829 2324 ebrietatem,
864 2287 940 2327 per
972 2274 1225 2315 ebrietatem
1260 2272 1315 2314 ad
1352 2272 1737 2327 intemperantiam,
1770 2286 1847 2326 per

355 2344 727 2398 intemperantiam
762 2344 816 2385 ad
850 2345 1034 2397 quietem
1067 2345 1136 2385 vel
1160 2345 1415 2386 caecitatem
1447 2344 1686 2385 inducatur.
1722 2343 1845 2385 Unde

356 2415 566 2457 industria
611 2429 720 2468 quae
753 2417 795 2456 in
841 2415 1032 2469 gerendo
1077 2416 1145 2457 vel
1190 2415 1374 2469 agendo,
1422 2415 1620 2457 celeritas
1661 2428 1771 2467 quae
1804 2414 1846 2455 in

357 2486 638 2537 conficiendo,
685 2487 908 2528 consilium
945 2487 1058 2539 quod
1091 2487 1133 2527 in
1167 2486 1432 2540 providendo
1471 2486 1698 2539 requiritur
1729 2485 1846 2526 labe-

356 2557 583 2599 factantur.
633 2558 855 2607 Quomodo
902 2559 1012 2599 euim
1049 2558 1085 2599 is
1120 2559 1351 2599 exercitum
1398 2558 1649 2608 contineret,
1696 2557 1846 2609 quise

356 2631 496 2683 ipsum
530 2630 749 2671 continere
783 2629 985 2671 nesciet?
1021 2630 1091 2671 Sic
1123 2629 1361 2670 Antiochus
1385 2629 1483 2670 dum
1506 2628 1662 2670 Veneri
1686 2635 1727 2669 et
1749 2629 1846 2670 vino

357 2701 552 2759 indulget
585 2714 611 2741 6
643 2701 845 2742 Romanis
886 2702 1065 2755 turpiter
1109 2701 1260 2749 victus,
1306 2701 1377 2741 vix
1410 2713 1561 2754 pacem
1601 2707 1643 2741 et
1677 2699 1848 2752 quidem

359 2772 464 2813 satis
496 2772 823 2825 ignominiosam
857 2772 1070 2826 impetrat,
1112 2785 1164 2812 ex
1196 2761 1369 2826 Europa
1400 2772 1590 2824 Asiaque
1625 2770 1848 2812 discedere

359 2844 536 2896 cogitur,
581 2843 692 2884 intra
737 2844 846 2883 tauri
890 2844 1094 2884 terminos
1133 2842 1375 2893 includitur,
1421 2841 1597 2883 obsides
1636 2855 1721 2882 una
1753 2854 1848 2882 cum

359 2914 528 2967 proprio
553 2914 638 2955 filio
663 2928 753 2965 suo,
788 2928 913 2966 quem
942 2914 1065 2955 unice
1090 2914 1276 2964 amabat,
1310 2913 1513 2954 Romanis
1545 2913 1646 2954 dare
1671 2912 1848 2965 cogitur,
