1919 3273
315 116 386 149 432

314 260 410 301 Deo
444 259 609 301 dicatas
643 258 790 305 aedes,
825 258 939 300 omni
961 272 1044 312 quo
1068 258 1196 301 decet
1218 265 1382 310 ornatu,
1417 258 1805 313 splendidissimas.

314 330 411 372 Non
444 330 571 371 facile
616 330 829 371 numerari
872 336 1056 384 possunt
1088 331 1305 384 pretiosae
1351 330 1596 384 multiplicis
1635 331 1807 384 generis

314 401 506 454 variique
540 401 693 443 coloris
726 407 887 452 vestes,
921 414 1115 454 vasaque
1151 407 1192 442 et
1225 408 1436 454 argentea
1468 406 1510 442 et
1543 414 1674 442 aurea
1696 413 1807 454 quae

315 472 555 515 divinarum
587 486 727 514 rerum
760 472 857 513 usui
890 472 1114 514 dedicasti.
1161 472 1316 514 Audivi
1349 478 1577 526 praeterea
1616 472 1803 526 superio-

312 543 431 585 ribus
465 542 617 584 diebus
651 542 748 584 dum
783 542 992 584 Viennam
1027 556 1176 584 versus
1208 543 1289 584 iter
1321 543 1377 584 ad
1407 550 1449 584 te
1471 543 1674 594 facerem,
1708 555 1806 584 con-

312 614 434 656 stitui
477 628 589 656 nunc
622 628 647 655 a
678 620 720 655 te
754 613 1068 655 Bibliothecam
1112 614 1333 667 ingentem
1379 620 1422 654 et
1455 614 1568 655 omni
1601 627 1654 655 ex
1685 622 1806 667 parte

315 686 468 727 eximie
512 685 775 738 mirificeque
820 692 1026 736 ornatam,
1073 685 1116 726 in
1163 699 1287 738 quam
1325 682 1477 738 (aiunt)
1524 685 1657 725 multa
1692 684 1809 725 milia

312 756 521 798 Codicum
554 770 638 798 non
670 756 765 798 vilis
800 770 940 809 neque
975 756 1309 810 contempnendi
1341 756 1516 810 praecii,
1561 755 1607 797 id
1640 762 1707 798 est
1739 756 1809 809 qui

315 829 399 869 sint
431 828 699 882 perpulchris
734 827 898 868 exarati
929 827 1078 879 literis,
1102 827 1301 880 intusque
1323 836 1365 868 et
1399 833 1532 878 extra,
1566 833 1608 868 te
1633 834 1674 868 et
1696 827 1807 868 velle

311 907 358 941 et
389 899 474 940 iam
508 899 705 953 caepisse
741 911 988 951 congerere.
1022 898 1139 938 Nihil
1171 898 1266 939 dico
1301 897 1353 939 de
1389 898 1540 940 domus
1560 904 1660 939 tuae
1685 912 1807 952 prae-

315 970 555 1012 ciosissima
588 969 870 1024 supellectile,
916 982 1026 1022 quae
1058 975 1180 1010 tanta
1214 970 1396 1022 talisque
1439 976 1518 1021 est,
1552 974 1598 1010 ut
1630 975 1807 1011 cunctos

314 1042 387 1095 qui
420 1055 516 1082 eam
548 1041 695 1083 vident
727 1047 855 1094 atque
890 1040 1166 1082 considerant
1206 1046 1435 1093 menteque
1468 1040 1688 1094 pensitant
1721 1053 1806 1081 non

313 1113 356 1154 in
402 1112 662 1154 mediocrem
709 1112 980 1153 adducantur
1028 1118 1070 1152 et
1116 1117 1334 1165 stuporem
1379 1119 1420 1153 et
1466 1111 1804 1153 admirationem.

315 1184 549 1225 Accersisti
582 1190 809 1238 praeterea
832 1196 854 1224 6
878 1183 1020 1224 multis
1052 1183 1252 1237 Europae
1284 1183 1404 1233 lociS,
1440 1196 1493 1224 ex
1524 1183 1650 1224 Italia
1683 1196 1807 1237 prae-

315 1255 454 1309 cipue,
487 1256 713 1295 multarum
745 1268 882 1295 rerum
917 1253 1108 1308 opifices,
1142 1254 1186 1295 id
1220 1262 1285 1295 est
1318 1254 1465 1296 fabros
1487 1260 1575 1295 tum
1597 1254 1805 1308 lignarios

311 1333 359 1368 vet
392 1326 689 1377 cementarios,
724 1334 811 1367 tum
845 1326 1125 1378 argentarios,
1161 1326 1401 1379 sculptores
1428 1333 1655 1379 praeterea
1676 1333 1805 1379 atque

315 1398 515 1452 pictores,
562 1411 587 1438 a
634 1397 787 1450 quibus
832 1411 961 1438 manu
1005 1397 1093 1448 tibi,
1140 1398 1556 1451 transcriptoresque
1604 1397 1807 1438 librorum

314 1468 467 1510 fierent
500 1469 721 1510 multorum
753 1482 956 1522 generum
988 1481 1132 1522 opera,
1167 1481 1248 1520 qae
1282 1468 1359 1509 tibi
1392 1475 1433 1509 et
1465 1468 1674 1522 voluptati
1708 1468 1805 1509 dum

315 1541 451 1591 vivus,
498 1547 539 1581 et
572 1540 644 1581 ubi
688 1541 776 1581 vita
822 1540 1075 1589 excesseris,
1110 1547 1256 1581 essent
1289 1539 1470 1581 maxime
1504 1546 1603 1581 tuae
1644 1539 1806 1593 magni-

313 1610 514 1652 ficentiae
559 1618 845 1652 monumenta.
899 1611 976 1651 His
1010 1624 1118 1663 quas
1158 1611 1244 1652 dixi
1276 1610 1501 1652 virtutibus
1541 1624 1648 1663 quas
1691 1611 1806 1651 Peri-

316 1683 491 1737 patetici
534 1683 788 1736 Philosophi
832 1689 988 1724 vocant
1031 1682 1317 1732 intelectivas,
1363 1682 1441 1722 Viri
1475 1682 1695 1735 sapientes
1736 1682 1807 1735 qui

314 1753 464 1807 quanti
497 1754 569 1806 sis,
602 1760 719 1795 recte
752 1753 1041 1807 pensitavere,
1075 1753 1306 1807 perhibent
1338 1759 1379 1794 te
1414 1760 1590 1795 cunctos
1620 1753 1692 1806 qui
1717 1759 1806 1795 toto

315 1825 418 1866 orbe
452 1832 549 1866 sunt
582 1825 798 1879 principes
832 1825 997 1877 absque
1030 1825 1117 1865 ulla
1150 1824 1444 1866 controversia
1478 1838 1696 1879 superare.
1739 1824 1805 1865 De

314 1896 540 1938 virtutibus
558 1897 641 1937 iam
661 1910 770 1949 quae
790 1896 986 1937 dicuntur
1003 1896 1199 1947 morales,
1215 1896 1348 1937 verba
1365 1895 1587 1937 faciamus.
1607 1895 1701 1936 Tua
1721 1895 1805 1937 ius-

313 1967 420 2019 titia,
443 1968 562 2009 cuius
596 1968 762 2009 virtutis
786 1967 990 2021 splendor
1017 1974 1083 2008 est
1106 1968 1358 2008 maximuset
1392 1980 1444 2007 ex
1475 1980 1560 2019 qua
1592 1967 1693 2008 boni
1726 1967 1804 2009 viri

314 2039 588 2080 nominantur
620 2046 730 2080 teste
763 2045 976 2079 oratorum
1000 2038 1191 2092 principe
1227 2038 1446 2089 Cicerone,
1470 2044 1618 2079 tantae
1642 2038 1806 2079 virtutis

315 2110 535 2164 splendor,
581 2111 692 2151 adeo
736 2111 779 2150 in
812 2119 854 2151 te
888 2110 995 2150 nitet
1040 2116 1085 2150 ut
1118 2123 1202 2149 non
1236 2108 1432 2150 dubitent
1477 2122 1625 2150 omnes
1659 2110 1731 2162 qui
1763 2116 1804 2150 te

316 2181 434 2234 Rege
477 2182 605 2222 Vitam
638 2182 681 2222 in
713 2181 934 2233 Hungaria
976 2188 1169 2233 egerunt,
1203 2180 1338 2233 ipsius
1384 2180 1591 2220 cultorum
1633 2193 1730 2221 esse
1763 2187 1805 2222 te

315 2252 583 2306 principium,
618 2252 788 2305 quando
814 2251 986 2304 quidem
1008 2252 1074 2292 ius
1098 2265 1219 2292 suum
1254 2264 1470 2303 nunquam
1504 2251 1630 2292 alicui
1650 2259 1803 2293 morta-

314 2323 417 2364 lium
451 2323 691 2377 denegasti.
726 2324 819 2364 Tua
853 2330 917 2364 est
950 2322 1169 2372 fortitudo,
1203 2323 1324 2363 cuins
1358 2322 1524 2363 virtutis
1547 2322 1660 2364 vires
1683 2323 1806 2364 ardu-

314 2394 486 2435 issimas
520 2408 652 2448 saepe
686 2408 861 2435 numero
896 2401 938 2435 et
970 2406 1205 2447 aggressus
1240 2406 1285 2433 es
1320 2401 1361 2433 et
1394 2393 1672 2435 foelicissime
1707 2407 1804 2435 con-

315 2464 470 2507 fecisti.
520 2466 628 2507 Nam
675 2479 784 2518 quae
831 2478 1018 2518 unquam
1062 2464 1238 2517 gessisti
1276 2464 1391 2504 bella
1436 2464 1644 2505 adversus
1679 2477 1804 2517 quos-

317 2549 483 2589 cunque
503 2537 650 2577 hostes
670 2537 722 2577 de
743 2537 895 2589 quibus
914 2550 999 2577 non
1018 2536 1077 2577 sis
1096 2536 1327 2588 gloriosam
1350 2535 1533 2588 adeptus
1551 2535 1803 2577 victoriam?

317 2607 546 2648 Caeterum
578 2608 644 2648 his
678 2608 730 2648 de
763 2608 891 2648 rebus
922 2608 1050 2661 paulo
1083 2614 1179 2660 post
1210 2620 1349 2660 pauca
1383 2608 1551 2660 quidem
1583 2607 1660 2649 sed
1694 2620 1802 2660 quae

316 2686 439 2719 erunt
472 2679 686 2720 mentione
732 2679 1099 2730 admirationeque
1139 2677 1270 2731 digna
1304 2679 1658 2720 commemorabo.
1709 2679 1804 2718 Tua

318 2755 383 2789 est
401 2750 745 2802 magnanimitas.
769 2749 1066 2799 mansuetudO,
1086 2748 1311 2800 modestia,
1332 2751 1629 2804 temperantia,
1656 2750 1804 2791 huma-

317 2821 442 2871 nitas,
477 2821 711 2867 urbanitas,
746 2821 972 2862 veracitas.
1024 2819 1210 2868 Quarum
1243 2820 1442 2862 virtutum
1475 2834 1687 2873 quaenam
1721 2820 1804 2861 sint

318 2904 496 2932 munera
528 2892 569 2932 in
603 2892 766 2932 Ethicis
801 2891 972 2944 quidem
1005 2891 1058 2931 ab
1094 2891 1322 2931 Aristotele
1357 2892 1521 2933 erudite
1543 2906 1594 2934 ac
1616 2892 1802 2945 locuple-
