1955 3278
319 120 385 152 168

317 277 465 303 narum
511 264 564 304 ab
598 263 746 305 inferis
786 264 965 305 reduxit.
1010 264 1263 306 Diomedem
1297 277 1442 317 regem
1476 265 1688 306 Thraciae
1727 265 1803 306 hu-

319 333 455 374 manis
490 334 689 375 carnibus
714 348 847 387 equos
880 342 1129 388 pascentem
1153 335 1380 389 oppressit,
1414 335 1592 389 hydram
1614 336 1802 377 lerneam

319 405 509 454 extinxit,
544 405 779 447 Acheloum
803 406 844 446 in
878 407 1019 447 varias
1041 406 1199 447 formas
1232 420 1278 447 se
1302 414 1658 448 transmutantem
1690 407 1803 453 vicit,

318 478 526 516 Antaeum
561 476 723 529 Lybiae
757 477 977 530 gigantem
1010 478 1147 519 bobus
1183 478 1394 532 spoliavit,
1437 478 1672 519 Centauros
1707 492 1804 520 con-

319 547 443 598 trivit,
478 547 815 589 Laomedontem
841 549 1071 603 Phrygium
1094 550 1321 601 interfecit,
1357 550 1578 591 columnas
1601 550 1642 590 in
1676 549 1805 591 Gadi-

319 618 397 658 bus
429 619 581 660 insulis
608 620 762 673 posuit,
797 620 1023 661 Baltheum
1054 620 1107 661 ab
1136 621 1351 661 Amasone
1386 621 1573 672 abstulit,
1609 628 1650 662 et
1673 627 1806 662 totum

320 690 503 743 denique
537 704 648 745 pene
683 691 828 733 orbem
862 691 1031 733 devicit.
1067 692 1137 733 Sic
1171 692 1407 733 Antiochus
1435 693 1616 746 Magnus
1651 705 1807 746 cogno-

320 769 462 802 mento
495 762 654 803 Hierax
687 763 840 815 dictus,
875 763 984 804 adeo
1006 763 1150 804 vinum
1173 765 1346 807 amavit,
1380 771 1425 805 ut
1445 770 1544 805 tunc
1580 777 1672 805 cum
1696 764 1807 805 bene

320 834 461 875 ebrius
495 840 611 875 esset
642 835 768 876 etiam
792 835 1015 876 vaticinari
1039 835 1209 887 soleret,
1243 836 1411 877 ieiunus
1432 848 1533 877 vero
1556 835 1626 876 vix
1647 835 1808 888 aliquid

318 906 463 948 videre
498 906 733 948 dicebatur.
783 907 1015 959 Dionysius
1056 920 1224 959 quoque
1259 914 1464 960 tyrannus
1500 906 1808 960 Syracusarum

319 992 398 1020 nec
432 979 523 1032 ipse
558 984 826 1031 contemptor
858 978 943 1020 vini
964 977 1056 1029 fuit,
1091 978 1162 1030 qui
1194 978 1443 1030 potantibus
1479 979 1605 1019 etiam
1636 991 1808 1019 auream

321 1063 518 1091 coronam
552 1062 791 1104 propsniere
826 1049 976 1090 solitus
1010 1057 1112 1090 erat.
1159 1050 1370 1091 Antonius
1402 1050 1502 1090 item
1538 1057 1579 1090 et
1611 1049 1810 1091 Tiberius

321 1134 473 1162 caesar
505 1121 697 1162 similiter
729 1122 886 1162 amavit
912 1122 1069 1172 vinum,
1104 1121 1174 1173 qui
1197 1121 1470 1162 nihilominus
1493 1127 1636 1162 tamen
1660 1121 1810 1162 multa-

319 1207 409 1233 rum
444 1194 634 1246 gentium
667 1194 802 1235 victor
830 1193 922 1243 fuit,
957 1200 1002 1234 ut
1026 1193 1096 1245 qui
1118 1192 1171 1234 de
1195 1192 1444 1242 Vindelicis,
1477 1191 1642 1243 Rhetis,
1665 1192 1811 1233 Arme-

320 1265 416 1315 niis,
451 1271 492 1305 61
524 1265 757 1305 Pannoniis
791 1264 1079 1318 triumphavit,
1120 1264 1345 1305 Dalmatas
1378 1264 1480 1305 item
1515 1270 1557 1304 et
1591 1262 1810 1304 Sarmatas

320 1337 362 1377 in
395 1343 653 1390 potestatem
688 1336 971 1378 Romanorum
1004 1336 1245 1389 redegerat.
1279 1335 1507 1376 Thraciam
1535 1334 1689 1376 eteius
1712 1347 1814 1375 con·

320 1407 421 1449 finia
452 1408 669 1449 Romanas
704 1408 945 1462 provincias
977 1408 1094 1459 fecit,
1140 1406 1414 1448 Germaniam
1447 1412 1581 1447 totam
1614 1405 1813 1449 vastavit,

322 1486 364 1520 et
396 1481 450 1522 ab
484 1480 564 1521 hoc
596 1480 833 1534 Imperator
866 1480 1124 1533 appellatus.
1159 1479 1256 1519 Fuit
1286 1484 1328 1519 et
1357 1477 1604 1519 Alexander
1630 1476 1814 1530 Magnus

320 1552 363 1592 in
396 1558 559 1592 tantum
594 1551 746 1593 avidus
778 1551 879 1602 vini,
926 1551 1039 1603 quod
1073 1564 1262 1592 coenans
1296 1549 1413 1604 apud
1461 1548 1643 1590 mediam
1677 1548 1814 1589 Thes-

323 1623 473 1664 saliam
506 1623 654 1676 viginti
689 1622 880 1664 convivis
914 1622 1067 1663 dicitur
1100 1622 1216 1663 solus
1247 1621 1516 1675 propinasse,
1552 1619 1814 1672 totidemque

324 1694 378 1735 ab
425 1694 588 1736 eisdem
632 1695 829 1748 potiones
876 1694 1114 1747 accepisse.
1172 1693 1224 1733 Et
1270 1693 1397 1733 etiam
1438 1691 1569 1733 Indos
1607 1691 1815 1732 maximos

323 1772 542 1819 potatores
576 1766 631 1807 ad
654 1765 887 1807 bibendum
919 1765 1140 1815 invitasse,
1176 1772 1217 1805 et
1247 1771 1391 1805 tamen
1423 1764 1491 1805 his
1523 1776 1608 1804 non
1642 1762 1815 1803 obstan-

323 1837 436 1878 tibus
468 1837 511 1877 in
542 1838 672 1879 rebus
706 1837 873 1879 bellicis
903 1837 983 1878 fuit
1010 1837 1285 1887 clarissimus,
1321 1836 1392 1888 qui
1418 1836 1600 1889 primum
1627 1834 1816 1887 Illyrium

324 1909 508 1963 subegit,
533 1909 819 1950 Romanorum
842 1909 1006 1950 insulas
1030 1908 1232 1959 obtinuit3
1258 1907 1488 1961 Aphricam
1512 1912 1645 1947 totam
1671 1918 1817 1959 super-

325 1982 424 2032 avit,
472 1980 636 2034 Syriam
682 1981 929 2031 refrenavit,
976 1980 1206 2028 Damasco,
1254 1978 1414 2020 Sidone
1462 1984 1503 2019 et
1542 1978 1712 2031 Tyrone
1746 1989 1816 2017 ex-

324 2053 541 2106 pugnatis,
581 2053 794 2106 Aegypto,
835 2052 949 2093 Asiis
996 2052 1187 2103 utrisque
1228 2050 1513 2103 Hellesponto
1555 2056 1596 2089 et
1628 2048 1817 2102 Phrygia

325 2124 588 2179 pervagatis,
622 2124 663 2164 in
696 2123 918 2165 Persidem
952 2122 1177 2177 processit,
1212 2121 1285 2162 ubi
1312 2126 1514 2175 superato
1549 2119 1682 2160 Dario
1714 2132 1818 2172 rege

326 2196 624 2249 potentissimo
672 2195 897 2237 Graeciam
943 2201 1090 2244 totam,
1137 2200 1179 2235 et
1212 2206 1360 2233 01111163
1394 2193 1507 2233 circa
1553 2191 1819 2245 Euphratem

326 2268 526 2321 regiones
572 2281 649 2308 suo
695 2267 853 2308 adiecit
885 2266 1077 2320 imperio,
1123 2278 1210 2305 una
1255 2277 1350 2305 cum
1395 2262 1518 2304 India
1559 2269 1601 2303 et
1637 2261 1819 2303 caeteris

328 2339 442 2380 orbis
484 2338 690 2393 partibus,
737 2338 847 2379 adeo
892 2346 937 2378 ut
984 2338 1099 2378 solus
1143 2343 1351 2377 terrarum
1396 2347 1482 2386 reX,
1532 2340 1573 2375 et
1617 2334 1818 2387 princeps

328 2410 473 2452 mundi
505 2410 809 2464 appellaretur.
858 2409 963 2450 Esto
997 2407 1111 2461 quod
1143 2407 1252 2448 haec
1285 2407 1343 2447 ita
1378 2419 1424 2447 se
1458 2404 1663 2455 habeant,
1703 2409 1819 2445 certe

329 2490 369 2522 et
404 2495 484 2535 ego
518 2488 721 2534 tanquam
754 2494 857 2522 vera
889 2494 974 2521 non
1006 2479 1190 2532 negabo,
1231 2483 1460 2531 gesserunt
1492 2476 1536 2516 hi
1569 2488 1718 2517 omnes
1750 2487 1820 2515 res

329 2553 547 2607 perpetuis
572 2553 727 2607 dignas
748 2552 950 2603 historiis,
975 2556 1227 2592 amaverunt
1254 2549 1382 2590 etiam
1406 2548 1562 2589 vinum.
1597 2546 1821 2598 Tanquam

329 2638 428 2665 vero
462 2625 632 2666 nescias
666 2623 780 2677 quod
814 2623 930 2677 (quia
964 2623 999 2663 si
1033 2621 1185 2662 eadem
1217 2621 1328 2661 111161·
1361 2620 1460 2661 vina
1495 2625 1535 2660 et
1569 2617 1821 2659 ebrietatem

330 2694 577 2749 gesserunt)
623 2709 785 2750 paucos
818 2708 1001 2748 syncera
1033 2698 1209 2734 coronat
1250 2691 1397 2732 Gloria
1431 2696 1473 2731 et
1505 2688 1697 2730 unicolor
1727 2700 1822 2741 pro-

328 2766 478 2808 bitas?
524 2767 637 2819 quod
671 2767 845 2808 crimine
878 2766 1010 2807 virtus
1052 2764 1276 2804 Multocies
1310 2762 1476 2803 offensa
1511 2759 1640 2801 cadat
1671 2764 1823 2799 mutet-

331 2852 413 2890 que
447 2839 631 2880 colorem
664 2835 947 2891 Virgineum‘?
986 2836 1074 2877 Ceu
1098 2848 1192 2876 cum
1223 2841 1435 2875 terrenam
1471 2831 1644 2885 cynthia
1667 2829 1823 2870 nubem

329 2909 477 2961 Intrat,
512 2916 552 2951 et
586 2910 744 2951 amisso
773 2908 912 2963 perdit
947 2921 1024 2948 sua
1046 2906 1205 2947 lumina
1226 2905 1410 2958 phoebo.
1445 2903 1671 2954 Tanquam
1695 2900 1821 2940 etiam
