1955 3278
332 126 400 162 200

333 271 482 313 timore
517 271 649 325 digna
683 278 988 314 contemneret.
1022 272 1117 314 Non
1140 273 1279 326 ipsum
1314 272 1590 314 delectabant
1611 273 1685 315 illa
1706 273 1826 315 forti-

333 343 494 385 tudinis
541 356 715 397 genera,
767 343 904 396 civile,
958 343 1126 396 servile,
1180 343 1402 395 furiosum,
1453 343 1822 397 consuetudinale‚

335 414 529 456 bestiale.
564 414 765 456 Studioso
799 414 1110 467 delectabatur,
1145 414 1258 468 quod
1291 415 1417 466 bono,
1453 423 1494 457 et
1527 428 1579 456 ex
1612 415 1823 458 electione

337 500 430 528 611111
463 486 588 528 hoste
633 499 805 527 manum
839 486 1109 528 conserebat.
1159 485 1285 540 Apud
1317 486 1632 528 Achademicos
1663 492 1824 540 tempe-

335 558 474 598 rantia
519 571 604 599 non
649 557 825 598 multum
870 557 1010 598 laudis
1055 557 1201 609 habet,
1249 557 1361 610 quod
1395 571 1447 599 ea
1478 558 1621 611 Reges
1658 557 1827 599 laudari

339 642 422 669 non
456 628 608 670 solent.
657 628 722 670 Ab
759 641 811 669 ea
856 629 1072 670 sententia
1116 629 1394 683 Peripatetici
1439 628 1719 670 vehementer
1752 628 1826 670 ab·

337 699 521 741 horrent.
554 699 646 741 Nec
676 700 899 750 immerito,
935 699 1035 752 quid
1069 700 1180 741 enim
1212 700 1378 754 turpius
1410 700 1452 740 in
1475 699 1605 741 rebus
1628 699 1828 741 humanis

335 771 669 825 intemperantia
699 771 893 812 invenire
926 776 1095 824 potest:
1143 784 1253 824 quae
1291 771 1506 812 hominem
1552 771 1665 812 omni
1696 770 1827 825 turpi-

338 842 485 884 tudine
517 841 749 896 inquinat‘?
783 842 882 895 quid
918 841 1020 894 quid
1051 842 1192 895 ipsum
1225 842 1295 883 vel
1327 855 1555 896 puerorum
1587 842 1656 883 vel
1693 841 1831 883 bellu-

339 927 458 955 arum
490 913 607 955 haud
639 913 887 955 dissimilem
922 912 1090 954 efficit?

456 985 549 1039 Age
588 985 825 1026 liberalitas
859 991 1062 1037 quantam
1094 984 1155 1025 illi
1186 983 1358 1025 laudem
1404 985 1827 1036 emolumentumque

341 1057 553 1098 attulerit:
589 1056 726 1109 quivis
758 1056 841 1097 hac
875 1056 1120 1097 coniectura
1153 1056 1359 1109 consequi
1392 1062 1559 1110 potest:
1594 1069 1687 1097 cum
1711 1068 1830 1096 num-

342 1142 467 1181 quam
490 1127 544 1169 sit
566 1128 728 1169 abusus
752 1128 935 1182 pecunia
961 1140 1054 1169 eos:
1090 1133 1134 1168 ut
1157 1127 1402 1181 oportebat:
1436 1127 1588 1168 fecerit
1612 1132 1831 1181 sumptus:

342 1200 482 1241 alieno
528 1199 806 1241 abstinuerit:
854 1198 925 1251 qui
958 1198 1014 1240 ad
1048 1211 1094 1240 se
1139 1198 1414 1253 pertinebant
1458 1205 1691 1252 proventus
1733 1211 1830 1239 con-

343 1270 576 1313 servaverit
607 1270 938 1312 innumerabilia
969 1270 1012 1311 in
1046 1284 1145 1311 eos:
1182 1270 1252 1323 qui
1285 1270 1529 1311 auctoritati
1563 1282 1667 1311 suae
1699 1268 1833 1311 dediti

344 1348 478 1394 erant,
495 1341 709 1384 beneficia
730 1342 965 1383 contulerit.
988 1340 1145 1383 Omitto
1167 1341 1274 1382 tanti
1294 1341 1426 1394 Regis
1444 1340 1830 1394 Magnificentiam:

344 1427 470 1467 quam
502 1420 665 1455 tantam
698 1413 834 1455 fuisse
866 1419 1058 1455 constat:
1094 1419 1138 1453 ut
1161 1413 1356 1454 omnibus
1379 1412 1506 1453 etatis
1530 1425 1634 1453 suae
1656 1411 1833 1465 regibus

344 1499 397 1527 ea
422 1486 576 1527 virtute
601 1485 908 1527 antecelluerit.
943 1483 1101 1526 Omitto
1125 1484 1548 1537 Magnanimitatem:
1584 1496 1694 1536 quae
1714 1483 1832 1524 illum

343 1557 541 1598 fortunae
586 1556 794 1598 ferendae
839 1563 927 1598 tum
977 1556 1196 1598 secundae
1242 1562 1330 1597 tum
1364 1555 1575 1598 adversae
1615 1555 1832 1596 conscium

343 1628 543 1669 reddidit.
593 1628 699 1678 Quis
733 1634 799 1669 est
830 1628 956 1677 igitur
1000 1634 1087 1669 tam
1122 1641 1226 1669 suae
1268 1627 1424 1668 mentis
1456 1627 1605 1680 inops:
1645 1633 1691 1667 ut
1722 1626 1834 1667 hanc

345 1700 529 1741 animam
563 1699 619 1741 ad
653 1699 758 1741 deos
792 1699 1034 1741 accessisse
1068 1697 1297 1752 ambigat?
1330 1698 1501 1751 quando
1534 1704 1621 1739 tam
1645 1697 1834 1751 singula-

344 1771 475 1823 ribus,
508 1777 596 1812 tam
628 1771 874 1825 praecipuis
907 1777 992 1811 tam
1025 1770 1260 1825 praeclaris
1293 1769 1421 1810 fuerit
1454 1769 1625 1810 dotibus
1649 1766 1835 1810 ornata‘?

462 1842 587 1884 Adde
621 1850 817 1884 caeteras
856 1842 969 1884 illius
1001 1843 1204 1884 virtutes:
1252 1855 1362 1895 quae
1397 1855 1422 1882 a
1455 1855 1521 1882 me
1554 1840 1837 1894 praetermitti

345 1928 425 1956 1166
457 1920 637 1968 possunt
670 1928 750 1956 nec
785 1914 954 1956 debent.
1000 1914 1238 1966 Nunquam.
1278 1913 1481 1954 Matthias
1513 1913 1556 1953 in
1590 1912 1834 1966 voluptate:

345 1999 562 2038 nunquam
606 1985 648 2026 in
683 1985 846 2040 divitijs
890 1999 1104 2038 nunquam
1151 1985 1194 2025 in
1233 1984 1496 2025 honoribus:
1543 1996 1760 2035 nunquam
1792 1983 1835 2023 in

345 2057 469 2098 bonis
504 2058 693 2111 corporis
716 2071 925 2098 summum
947 2057 1106 2098 bonum
1141 2055 1487 2098 constituendum
1514 2054 1693 2109 putavit.
1729 2053 1838 2096 Sunt

346 2128 455 2169 haec
487 2141 583 2169 mea
617 2129 831 2170 sententia
864 2134 906 2169 et
940 2128 1106 2170 caduca
1139 2134 1181 2169 et
1207 2127 1392 2181 fragilia.
1429 2126 1516 2168 Sed
1538 2126 1710 2167 reiectis
1734 2139 1836 2178 gen-

346 2199 480 2240 tilium
526 2200 738 2241 erroribus
785 2200 840 2241 ad
886 2213 1030 2241 veram
1075 2198 1189 2240 idest
1234 2197 1510 2239 christianam
1555 2197 1835 2250 religionem:

347 2270 460 2324 quod
492 2271 534 2311 in
568 2284 620 2312 ea
653 2284 860 2312 summam
898 2270 1177 2312 foelicitatem
1222 2269 1440 2323 ponebat:
1487 2274 1670 2309 mentem
1717 2280 1837 2309 suam

347 2342 482 2383 erexit
515 2328 644 2394 atque
679 2343 842 2383 extulit,
886 2341 953 2383 Ad
985 2342 1098 2383 hanc
1132 2340 1389 2395 sapientiam
1423 2339 1627 2380 adiunxit.
1673 2338 1838 2388 Quibus

348 2413 519 2467 quidem
542 2414 768 2455 virtutibus
792 2413 893 2466 quid
912 2413 955 2454 in
979 2413 1150 2454 homine
1169 2411 1461 2466 praestantius
1484 2410 1666 2452 inveniri
1688 2415 1837 2462 queat:

347 2498 432 2526 non
464 2485 592 2526 facile
614 2484 802 2526 dixerim.
835 2484 969 2525 Multa
1001 2484 1102 2524 mihi
1128 2483 1262 2524 verba
1284 2482 1443 2523 fecisse
1466 2482 1640 2524 videor:
1676 2494 1729 2522 ex
1750 2480 1838 2533 qui-

346 2557 428 2598 bus
460 2556 664 2597 Matthias
699 2556 869 2609 quantis
896 2555 1024 2596 fuerit
1058 2554 1283 2596 virtutibus
1315 2552 1561 2608 praeditus:
1595 2552 1838 2605 intelligere

348 2628 560 2682 potuistis.
609 2627 836 2680 Reliquum
870 2633 1013 2668 estut
1047 2625 1175 2667 finem
1224 2625 1397 2666 dicendi
1440 2624 1610 2666 faciam.
1660 2621 1839 2664 Accedit

350 2699 470 2740 dolor
512 2699 630 2752 ipse:
677 2712 760 2751 quo
794 2698 855 2739 sic
888 2697 1126 2751 opprimor:
1174 2703 1219 2737 ut
1252 2696 1457 2737 orationis
1502 2708 1626 2736 meae
1668 2706 1839 2735 cursum

349 2770 577 2824 reprimat:
633 2783 684 2811 ac
726 2783 792 2810 me
841 2768 983 2810 dicere
1032 2769 1154 2823 plura
1195 2774 1416 2821 parantem
1466 2765 1691 2820 impediat,
1746 2763 1840 2812 quis

350 2848 471 2882 tanta
505 2841 756 2882 crudelitate
790 2840 1004 2881 imbutus:
1052 2840 1146 2892 quis
1186 2838 1295 2880 adeo
1328 2838 1471 2879 ferus:
1520 2850 1649 2891 asper
1692 2842 1734 2877 et
1776 2834 1839 2875 in-

351 2912 588 2953 humanus:
624 2912 695 2964 qui
737 2925 831 2953 cuni
874 2918 937 2953 tot
979 2911 1161 2964 optimos
1204 2910 1421 2964 principes
1465 2908 1841 2959 nobilissimosque
