1919 3273
1540 117 1611 151 507

274 263 336 303 Ac
369 261 572 304 didicisse
604 262 722 316 prius
755 261 939 302 famulas
972 260 1206 303 industrius
1239 267 1367 312 artes,

329 332 537 374 Fervidus
571 338 613 374 et
644 333 815 386 linguas
849 332 1125 373 consociasse
1158 332 1279 373 duas.

270 404 373 445 Post
406 403 489 444 cito
524 403 695 445 divitias
729 403 869 444 animo
903 403 1119 443 cumulare
1153 402 1346 456 pudicas,

329 473 522 515 Condere
557 480 599 514 et
631 473 844 526 ingenuas
876 480 1051 526 pectore
1085 473 1227 527 caepit
1260 486 1378 526 opes.

268 544 358 585 Nec
389 550 555 585 tantum
588 544 778 585 occ-ultas
810 550 988 585 naturae
1023 557 1228 596 quaerere
1261 544 1388 596 vires,

328 614 446 664 Quur
476 614 618 656 varias
652 615 836 656 subeant
869 627 1047 668 corpora
1081 620 1235 655 cuncta
1268 614 1399 665 vices,

271 685 459 739 Corpora
491 689 568 727 secl
602 685 764 727 studuit
795 685 954 739 pariter
987 686 1194 726 caelestia
1226 698 1368 735 nosse,

329 756 446 806 Quos
479 762 657 797 teneant
690 769 807 807 axes,
842 769 968 808 quam
1001 762 1263 808 teneantque
1296 756 1421 797 viam.

270 827 363 876 Quo
398 827 578 879 quodvis
612 828 751 881 spatio
784 828 1001 881 proprium
1029 832 1286 880 percenseat
1307 827 1469 877 orbem,

329 897 466 947 Quam
499 898 668 938 mittant
702 904 743 938 et
775 898 817 938 in
850 897 960 938 haec
991 896 1193 937 inferiora
1224 897 1337 938 luem

271 968 387 1018 Quur
409 969 565 1009 multos
598 968 774 1021 Hyades
806 968 964 1009 imbres
989 981 1041 1008 ex
1064 968 1239 1009 aethere
1272 967 1469 1020 fundant,

330 1040 448 1089 Quur
479 1039 607 1080 nimio
643 1039 790 1092 Syrius
824 1044 985 1080 torreat
1016 1038 1116 1091 igne
1150 1039 1298 1079 solum.

270 1111 391 1160 Quae
424 1111 532 1151 ratio
568 1124 593 1150 a
624 1110 748 1151 nobis
780 1110 1003 1151 Phoebum
1037 1109 1261 1150 discedere
1296 1116 1422 1163 cogat

327 1181 521 1234 Longius
555 1186 597 1222 et
630 1180 798 1222 solitam
831 1194 929 1221 111οΧ
960 1195 1162 1235 reparare
1195 1181 1320 1223 viam.

273 1254 413 1292 Aurea
446 1251 546 1304 quid
578 1251 714 1293 variet
745 1252 872 1293 toties
906 1266 985 1293 sua
1017 1266 1176 1293 cornua
1207 1252 1398 1303 Phoebe,

328 1322 382 1363 Et
414 1322 540 1363 modo
575 1322 765 1374 deliteat,
798 1323 941 1364 luceat
973 1323 1069 1377 ipsa
1100 1323 1238 1372 modo,

271 1393 473 1446 Quurque
508 1393 600 1434 dies
633 1394 738 1434 fiant
770 1394 982 1435 interdum
1014 1394 1211 1435 noctibus
1246 1394 1373 1446 aequi

327 1464 452 1506 Nunc
485 1478 569 1505 nox
602 1470 877 1518 augmentum
912 1478 1037 1515 nunc,
1072 1464 1302 1518 capiatque
1336 1464 1443 1516 dies,

270 1535 382 1585 Quid
415 1541 595 1588 generet
626 1542 755 1576 noctu
787 1535 1022 1588 flagrantes
1056 1535 1231 1576 aethere
1252 1535 1460 1586 flammas,

332 1606 442 1656 Quid
476 1620 586 1660 quae
621 1613 866 1660 spectamus
899 1606 1080 1660 plurima
1112 1606 1204 1648 visa
1237 1606 1347 1659 polo.

270 1678 453 1719 Vixdum
470 1678 594 1719 Aries
616 1677 840 1719 Phoebum
863 1677 1008 1730 quinto
1032 1677 1074 1717 in
1098 1690 1176 1718 sua
1197 1682 1312 1718 tecta
1329 1684 1518 1728 vocarat,

327 1749 417 1790 Iam
450 1749 610 1790 Paulus
643 1754 786 1789 tantas
819 1754 960 1789 mente
993 1748 1175 1789 tenebas
1208 1760 1327 1802 opes,

272 1819 389 1869 Quas
409 1819 604 1872 quamvis
622 1820 763 1861 animo
783 1819 915 1860 decus
937 1824 1003 1859 est
1021 1818 1328 1872 comprendere
1348 1832 1558 1860 summum

331 1891 514 1932 Divinae
549 1904 599 1932 ac
631 1891 787 1932 mentis
820 1890 1005 1943 pignora
1038 1889 1155 1930 clara
1186 1889 1330 1931 refert.

269 1961 366 2003 Non
398 1968 541 2003 tamen
575 1962 657 2002 hoc
689 1961 853 2002 Paulus
888 1960 1024 2015 potuit
1058 1959 1293 2001 consistere
1328 1973 1467 2013 cursu,

330 2033 436 2073 Tam
469 2033 705 2075 vehemens
743 2032 875 2073 studii
907 2038 1082 2086 pectore
1113 2030 1286 2072 flamma
1317 2031 1409 2083 fuit,

273 2103 359 2145 Sed
392 2104 534 2158 caepit
567 2103 727 2145 sensim
764 2109 958 2144 sacratas
992 2102 1158 2144 discere
1190 2102 1312 2155 leges

328 2176 485 2217 Posset
516 2180 562 2216 ut
594 2175 661 2215 his
694 2174 861 2228 patriae
894 2173 1163 2215 consuluisse
1197 2186 1331 2214 suae.
1359 2207 1366 2215 .
1393 2207 1402 2215 .

271 2246 496 2300 Proposito
529 2247 611 2287 hoc
643 2246 803 2287 Paulus
837 2245 1003 2286 divinas
1036 2257 1216 2285 noscere
1249 2245 1372 2297 leges

331 2317 445 2359 Arsit
478 2325 520 2359 et
553 2325 745 2372 optatum
779 2316 956 2369 contigit
989 2315 1060 2356 ille
1095 2328 1226 2356 suum.

272 2388 363 2430 Nec
395 2388 580 2430 tumidos
613 2388 737 2429 Latio
769 2387 942 2428 rediens
975 2386 1018 2426 in
1052 2392 1225 2439 pectore
1257 2385 1384 2427 flatus

333 2458 491 2511 Gessit,
525 2473 606 2501 nec
638 2459 796 2500 fastum
830 2457 1003 2511 pretulit
1036 2469 1108 2498 ore
1142 2469 1349 2509 gravem.
1375 2490 1382 2496 .
1408 2491 1415 2498 .

272 2529 392 2572 Haec
424 2537 509 2571 tam
544 2530 714 2571 divinae
749 2529 947 2570 sublimia
979 2540 1155 2568 munera
1187 2526 1343 2568 mentis

334 2600 436 2642 Cum
472 2601 644 2654 quosvis
678 2600 895 2641 hominum
928 2598 1060 2652 digna
1093 2598 1242 2639 favore
1275 2597 1415 2638 forent

273 2672 461 2713 Plurima
492 2671 719 2713 Fernando
752 2671 912 2724 pariter
942 2669 1204 2710 monimenta
1236 2668 1482 2722 probasset,

334 2743 521 2785 Secretis
553 2742 687 2784 voluit
718 2755 816 2782 mox
849 2741 1053 2782 adhibere
1088 2739 1188 2780 suis.

275 2813 462 2856 Sedulus
494 2814 564 2855 hic
598 2813 725 2854 etiam
758 2812 867 2865 Regi
900 2811 1059 2853 servire
1093 2809 1308 2862 studebat,

332 2885 604 2927 Praeclaram
638 2891 881 2925 monstrans
915 2889 1069 2925 cuncta
1101 2895 1178 2936 per
1210 2888 1308 2923 acta
1338 2881 1475 2923 fidem.
