1955 3278
234 305 429 357 Namque
451 303 721 357 absynthiaci
744 303 835 344 sine
858 308 899 343 te
924 309 1021 343 sunt
1041 303 1141 344 vina
1164 303 1361 356 loquores
1385 302 1443 354 (l),

294 375 527 416 Zaccharei
562 375 653 416 81110
686 380 726 415 10
761 379 859 414 811111
891 375 1063 414 aconita
1094 374 1194 415 favi.

236 446 377 495 Quare
412 446 627 487 volaturos
661 445 697 486 si
730 445 796 486 fas
831 451 896 485 est
929 446 1158 498 comprime
1193 458 1384 495 mannos,

292 517 345 557 Et
378 516 454 557 des
489 516 695 557 curriculo
730 516 899 558 vincula
930 516 1052 569 pigra
1086 516 1180 557 cito.

236 587 388 628 Verum
424 588 458 628 si
492 587 656 641 patriae
691 593 843 640 captus
877 586 1107 627 dulcedine
1141 593 1279 627 terrae

292 658 385 698 Non
420 658 486 699 fas
521 658 573 699 sit
606 671 783 712 parvam
818 657 1054 699 detinuisse
1088 671 1260 706 moram,

234 729 325 770 Nec
358 742 501 770 carum
534 729 602 769 fas
637 730 689 769 811
722 736 862 770 tecum
895 735 1065 781 raptare
1099 729 1361 780 magistrum,

294 801 346 841 Et
378 807 540 854 partem
575 800 728 841 mentis
763 799 1067 852 dimidiumque
1101 806 1214 840 tuae.

236 871 353 912 Vade
387 884 469 924 age
503 884 603 925 pars
637 871 765 911 animi
799 871 887 912 vita
920 871 1021 911 mihi
1056 871 1192 911 carior
1224 871 1332 924 ipsa,

294 942 524 995 Ingredere
559 948 601 983 et
632 942 799 983 faustas
832 942 1013 983 faustior
1045 942 1138 996 ipse
1171 942 1263 983 vias
1295 975 1301 981 .
1329 976 1335 983 .
1361 976 1367 982 .

205 1109 270 1150 Ad
304 1108 499 1158 eundem,
534 1115 579 1149 ut
613 1122 736 1161 quom
764 1108 913 1150 relicta
940 1108 1119 1149 Polonia
1147 1108 1201 1149 ad
1235 1121 1331 1149 oras
1366 1114 1567 1161 paternas

88 1180 329 1233 pervenerit
347 1179 466 1221 hisce
486 1180 680 1221 versibus
698 1180 878 1233 patriam
898 1193 1016 1220 suam
1037 1180 1299 1221 carissimam
1325 1180 1481 1221 salutet
1500 1214 1507 1220 .
1530 1214 1536 1220 .
1559 1214 1566 1221 .

205 1251 492 1292 invitatorium
530 1251 584 1292 ad
619 1250 815 1301 eundem,
849 1251 988 1291 lusum
1022 1250 1238 1291 Varadini.

236 1381 324 1421 Ista
357 1380 449 1422 dies
485 1381 634 1434 partim
669 1381 793 1421 niveo
828 1380 1042 1433 signanda
1074 1380 1221 1434 lapillo
1256 1386 1333 1423 081,

295 1452 552 1504 Mellitisque
587 1452 710 1492 simul
743 1451 1088 1493 concelebranda
1120 1451 1270 1502 modis,

237 1523 357 1572 Quae
390 1530 431 1563 te
466 1523 724 1564 Pannonicis
758 1524 981 1577 perpulcre
1015 1523 1201 1564 reddidit
1234 1523 1332 1573 oris,

295 1594 496 1635 Reddidit
529 1601 572 1635 et
605 1595 714 1635 caris
750 1607 858 1647 quae
892 1594 1018 1635 modo
1051 1595 1129 1635 rite
1163 1595 1262 1635 viris
1288 1629 1294 1635 .
1323 1629 1330 1635 .
1357 1629 1364 1635 .

236 1665 389 1707 Verum
425 1666 610 1707 carbone
645 1674 711 1707 est
743 1666 893 1720 partim
930 1666 1199 1707 obfuscanda
1232 1666 1427 1719 nigranti,

296 1737 472 1778 Necnon
506 1737 764 1778 moestiferis
799 1737 1101 1779 dedecoranda
1135 1738 1264 1789 sonis,

236 1808 337 1862 Ipsa
370 1808 471 1849 mihi
505 1809 702 1861 quoniam
735 1808 865 1849 fidum
900 1809 1103 1850 disiunxit
1139 1809 1361 1861 Achatem,

298 1880 350 1920 Et
386 1880 517 1920 tenuit
550 1880 704 1921 mentis
738 1881 921 1933 pignora
953 1894 1111 1933 magna
1143 1894 1265 1921 meae
1292 1914 1298 1921 .
1326 1914 1332 1919 .
1359 1915 1366 1921 .

239 1950 511 2005 Quapropter
543 1951 650 1992 velis
684 1965 889 2005 properes
923 1951 1019 2002 huc,
1055 1965 1141 2004 ora,
1178 1952 1344 2003 citati83

297 2022 390 2063 Huc
423 2022 571 2063 venias
606 2023 734 2063 celeri
765 2023 837 2063 lux
870 2036 978 2073 mea,
1014 2036 1188 2075 quaeso,
1223 2023 1383 2076 gradu,

240 2093 434 2145 Namque
468 2100 539 2134 tuo
573 2093 722 2134 obtutu
757 2107 886 2134 curae
919 2095 1132 2148 pellentur
1164 2094 1347 2136 acerbae

298 2164 602 2217 Laevore111(!)
638 2165 780 2218 capiet
813 2165 931 2205 frons
966 2172 1169 2218 caperata
1203 2166 1331 2220 pium.

209 2295 275 2336 Ad
320 2295 534 2337 dominum
583 2296 843 2337 Stanislaum
891 2296 1073 2347 Thurzo,
1121 2297 1406 2350 praepositum
1443 2298 1570 2339 Vara-

93 2365 330 2407 diniensem
367 2366 418 2408 de
452 2374 643 2420 tempore
678 2367 879 2408 Brumali.
917 2367 1050 2416 Quem
1085 2368 1277 2409 hortatur
1298 2376 1342 2410 ut
1364 2369 1457 2410 dum
1480 2369 1571 2410 fata

93 2444 299 2489 aetasque
344 2438 607 2491 permittunt,
654 2439 783 2479 vitam
831 2438 961 2479 ducat
1004 2438 1364 2481 iucundissimam.
1414 2440 1571 2481 Lusum

93 2508 207 2561 apud
241 2509 425 2550 eundem
459 2523 570 2550 311110
607 2508 731 2555 1508,
768 2510 836 2551 (110
870 2510 1006 2564 prima
1039 2510 1294 2552 Novembris
1318 2544 1323 2550 .

212 2579 258 2619 In
293 2579 480 2620 Coenam
526 2580 719 2621 eiusdem
754 2580 910 2621 domini
952 2580 1155 2622 Stamislai
1187 2582 1354 2624 Thursii
1382 2582 1572 2632 ,lautissi-

95 2662 205 2690 mam
237 2649 396 2691 ibidem
429 2650 580 2692 lusum.
