1955 3278
1516 113 1581 146 162³,

98 254 287 295 futurum
320 267 418 295 esse
450 254 494 294 in
527 253 676 307 spiritu
709 254 993 308 praeviderat.
1025 255 1077 295 Et
1098 255 1209 296 idem
1244 256 1403 309 lignum
1428 255 1583 297 deinde

98 332 290 379 tempore
336 325 501 378 gratiae
547 331 589 365 et.
620 324 783 372 gsalutis
829 337 967 377 aquae
1013 326 1309 379 supernatavit
1355 334 1396 367 et
1429 340 1584 379 aquam

101 395 339 447 commovit,
386 409 408 436 e
442 395 561 437 cuius
594 401 709 436 motu
755 395 920 448 aegroti
953 396 1326 437 convalescebant.
1376 397 1423 438 Id
1457 399 1584 451 plane

101 467 379 517 denuncians,
425 465 539 519 quod
571 466 637 506 his
668 464 712 519 (1)
759 466 829 518 qui
861 466 902 506 in
937 479 987 507 eo
1032 466 1125 520 ipso
1159 467 1275 520 ligno
1320 468 1509 522 pendere
1544 476 1585 510 et

100 538 207 579 mori
240 537 400 588 debuit,
446 543 577 578 totum
624 537 855 578 humanum
888 550 1026 590 genus
1059 551 1084 578 a
1116 538 1322 591 languore
1366 540 1511 580 mortis
1545 547 1586 581 et

101 607 315 649 diabolica
359 614 576 661 potestate
624 613 846 661 erepturus
893 614 1020 648 esset.
1070 608 1122 648 Et
1156 609 1284 649 etiam
1330 610 1433 650 illud
1466 624 1587 664 prae-

99 679 290 732 figurans
335 692 539 731 aquarum
575 684 902 728 sacramentum,
950 678 1061 731 quod
1094 679 1137 719 in
1170 678 1254 720 fide
1301 680 1456 721 Christi
1489 695 1585 723 con-

102 756 313 791 secratum
348 756 390 791 et
410 750 452 790 in
474 749 558 790 fide
583 749 793 791 ecclesiae
818 750 1017 791 collatum
1040 749 1243 803 baptismi
1266 765 1421 792 nomen
1442 752 1585 803 habet,

102 834 179 874 per
211 820 323 873 quod
356 821 610 875 principium
643 821 818 861 alterius
851 821 964 862 vitae
1005 821 1264 875 accepimus,
1306 829 1347 863 et
1380 823 1587 876 primitias

100 891 276 945 spiritus
299 891 748 944 sanctissimorumque
771 891 1082 942 mandatorum,
1106 899 1349 933 sanctarum
1374 894 1586 934 actionum

103 968 146 1004 et
168 963 346 1003 aliorum
365 962 601 1004 divinorum
620 963 883 1015 eloquiorum
901 962 1062 1003 initium
1085 962 1338 1004 deduximus
1360 964 1401 1004 in
1420 964 1588 1017 signum

101 1034 443 1087 regenerationis
462 1033 603 1087 sigilli,
624 1033 860 1083 custodiae,
881 1041 922 1075 et
938 1033 1274 1076 illuminationis.
1295 1034 1419 1084 Quod
1442 1042 1587 1076 tantae

102 1105 249 1157 utique
284 1111 349 1145 est
381 1105 560 1155 virtutis,
606 1111 651 1145 ut
683 1105 893 1145 hominem
931 1119 955 1145 a
988 1111 1077 1146 tota
1110 1119 1251 1159 poena
1289 1106 1454 1157 liberet,
1490 1115 1530 1147 et
1564 1121 1589 1147 a

104 1176 232 1229 culpa
255 1182 341 1216 tam
364 1175 574 1229 originali,
610 1189 736 1228 quam
760 1176 931 1226 actuali,
956 1176 1046 1217 sive
1071 1177 1196 1217 etiam
1221 1177 1419 1218 exteriori
1442 1178 1588 1231 poeni-

103 1247 238 1288 tentia
261 1246 471 1288 absolvat.
507 1246 631 1296 Quod
654 1247 947 1288 characterem
971 1247 1185 1301 imprimit,
1206 1247 1386 1289 virtutes
1410 1248 1587 1299 confert,

105 1317 269 1359 coelum
290 1317 440 1371 aperit,
456 1318 625 1372 peccati
642 1318 832 1359 fomitem
851 1318 1046 1359 debilitat
1064 1324 1105 1359 et
1123 1319 1301 1360 virtutes
1324 1325 1587 1372 augmentat.

106 1388 232 1437 Quod
265 1389 392 1430 etiam
415 1389 490 1429 illa
512 1403 625 1442 aqua
646 1389 846 1430 videlicet
881 1389 994 1431 Siloe
1019 1390 1232 1431 natatoria
1258 1396 1586 1443 praemonstrat,

106 1459 161 1500 ad
195 1472 321 1512 quam
355 1473 501 1500 cecum
534 1466 680 1501 natum
715 1467 755 1500 et
785 1473 862 1513 per
888 1460 1106 1501 humorem
1141 1461 1254 1514 sputi
1274 1461 1450 1514 pulvere
1474 1461 1591 1502 mixti

105 1531 224 1571 litum
258 1543 309 1571 ac
344 1537 540 1572 sanatum
574 1531 761 1583 miserat,
796 1538 841 1571 ut
874 1532 915 1571 in
951 1545 1002 1572 ea
1035 1531 1291 1572 ablueretur.
1334 1532 1462 1572 Cuius
1495 1546 1590 1586 pro·

105 1602 198 1656 pria
232 1608 298 1644 est
329 1602 579 1642 illuminatio
614 1608 655 1642 et
678 1615 703 1642 a
726 1601 893 1643 delictis
918 1602 1176 1653 emundatio,
1200 1615 1251 1643 ac
1273 1602 1447 1644 latentis
1471 1603 1591 1657 spiri-

107 1679 175 1714 tus
209 1673 347 1714 sancti
379 1679 595 1727 potestate
635 1673 819 1714 carnalis
852 1673 1150 1714 immundiciae
1186 1687 1237 1714 ac
1271 1673 1455 1714 sordium
1491 1675 1591 1715 abo-

105 1745 209 1785 litio.
257 1745 310 1785 Et
343 1744 425 1785 hae
460 1750 558 1785 sunt
590 1744 689 1785 illae
722 1744 970 1785 refectionis
1004 1757 1157 1796 aquae,
1191 1745 1233 1785 in
1267 1745 1419 1797 quibus
1452 1745 1593 1787 David

107 1829 182 1856 rex
215 1821 257 1856 et
289 1815 500 1869 propheta
534 1815 763 1856 educatum
797 1816 1003 1869 gloriatur
1036 1815 1209 1856 dicens:
1255 1815 1420 1869 „Super
1457 1830 1592 1869 aquas

108 1886 357 1927 refectionis
391 1886 590 1927 educavit
623 1899 703 1938 me,
749 1887 934 1927 animam
980 1900 1118 1927 meam
1158 1888 1378 1929 convertit.
1427 1888 1493 1929 De
1527 1888 1592 1929 his

110 1958 171 1998 ita
216 1957 410 1998 Christus
453 1957 653 1999 Salvator
696 1964 843 1999 noster
885 1958 1120 1999 Nicodemo
1159 1958 1288 1999 dixit:
1340 1958 1456 2007 „Nisi
1500 1959 1593 2012 quis

107 2034 282 2069 renatus
314 2028 442 2070 fuerit
466 2042 518 2069 ex
539 2042 652 2081 aqua
672 2035 713 2069 et
738 2028 896 2083 Spiritu
921 2036 1084 2081 sancto,
1118 2043 1201 2070 non
1223 2029 1397 2070 intrabit
1415 2043 1594 2083 regnum

109 2100 366 2141 coelorum“.
421 2100 500 2149 „Et
533 2100 615 2153 qui,
661 2100 773 2141 idem
818 2100 966 2152 inquit,
1013 2100 1241 2141 crediderit
1279 2106 1321 2141 et
1352 2100 1594 2155 baptizatus

107 2169 249 2222 fuerit,
284 2171 428 2212 salvus
462 2171 576 2212 erit.“
628 2171 720 2212 Hae
754 2172 855 2212 item
889 2178 987 2212 sunt
1019 2172 1118 2212 illae
1152 2185 1291 2224 aquae
1325 2172 1594 2223 mundantes,

1649 622 1743 660 Aqua

1610 674 1784 712 baptisma-

1671 728 1721 758 tis.

1647 1253 1755 1284 Virtus

1646 1314 1750 1343 aquae

1612 1358 1783 1395 baptisma-

1673 1411 1721 1441 tis.

1648 1899 1758 1937 Aquae

1611 1951 1806 1983 refectionis.

1649 2181 1762 2219 Aquae

110 2241 163 2282 de
197 2241 350 2294 quibus
383 2242 585 2283 Ezechiel
617 2243 828 2296 propheta
860 2243 1051 2284 meminit
1083 2243 1150 2283 his
1184 2242 1325 2284 verbis
1358 2243 1413 2283 ad
1445 2243 1593 2283 Hieru-
1605 2233 1808 2265 mundantes.

110 2312 270 2353 salem:
310 2312 382 2364 „In
416 2326 529 2365 aqua
561 2327 646 2355 non
680 2327 727 2354 es
760 2314 848 2354 lota
882 2313 936 2354 ad
961 2313 1186 2355 salutem“.
1220 2314 1312 2354 Hae
1337 2320 1434 2355 sunt
1454 2327 1593 2367 aquae

109 2384 288 2436 gratiae,
313 2397 423 2436 quae
446 2384 489 2424 in
512 2385 774 2438 Apocalypsi
798 2384 883 2425 divi
904 2385 1078 2425 Ioannis
1109 2384 1331 2437 leguntur:
1371 2384 1594 2434 „Ostendit

111 2454 213 2494 mihi
252 2454 424 2496 fluvium
471 2468 608 2507 aquae
642 2456 765 2497 vivae
800 2455 1072 2509 splendidum
1111 2462 1315 2508 tanquam
1349 2456 1594 2508 crystallum

111 2524 414 2577 procedentem
453 2525 505 2567 de
538 2526 640 2567 sede
684 2526 753 2567 dei
805 2533 846 2568 et
889 2527 1031 2579 agni“.
1086 2527 1178 2567 Hae
1222 2533 1320 2568 sunt
1362 2534 1588 2581 praeterea

110 2595 209 2635 illae
257 2596 522 2649 purgationis
568 2610 719 2649 aquae,
772 2597 824 2639 de
871 2611 1045 2650 quarum
1092 2598 1243 2639 virtute
1289 2598 1348 2639 ita
1392 2597 1593 2638 Ezechiel

112 2666 385 2719 prophetavit
429 2667 603 2709 dicens:
655 2668 906 2720 „Effundam
952 2682 1081 2721 super
1125 2682 1277 2721 aquam
1318 2669 1518 2710 mundam
1553 2677 1593 2709 et

113 2737 420 2779 mundabimini
453 2739 506 2780 ab
541 2739 735 2780 omnibus
755 2739 1086 2792 inquinamentis
1118 2741 1272 2782 vestris
1307 2746 1349 2781 et
1381 2740 1435 2780 ab
1464 2740 1593 2780 omni-

114 2807 193 2848 bus
225 2808 349 2849 idolis
383 2809 536 2850 vestris
570 2810 797 2861 mundabo,
833 2823 922 2861 vos,
957 2816 1000 2851 et
1027 2810 1138 2851 dabo
1172 2811 1293 2852 vobis
1322 2824 1393 2852 cor
1425 2824 1593 2857 novum,

112 2885 155 2919 et
203 2879 394 2932 spiritum
427 2893 582 2922 novum
620 2894 774 2934 ponam
815 2882 857 2921 in
896 2881 1036 2922 medio
1072 2882 1217 2932 vestri,
1262 2889 1303 2922 et
1347 2882 1516 2932 faciam,
1550 2888 1595 2922 ut

1387 2964 1451 2996 11*

1642 2535 1758 2573 Aquae

1625 2587 1784 2625 purgatio-

1675 2649 1732 2670 nis.
