1898 3278
234 127 277 159 52

233 271 442 321 videatur,
478 269 699 324 plurimum
736 268 904 310 decoris
937 269 1078 310 attulit
1108 276 1149 310 et
1171 269 1421 310 ornamenti.
1455 268 1574 310 Haec
1594 269 1720 311 comi-

232 349 363 384 tatem
398 348 513 382 tuam
547 340 664 381 auxit
697 347 739 380 et
761 340 1057 381 affabilitatem
1090 340 1369 384 vehementer
1401 340 1585 381 excoluit
1614 346 1656 381 et
1677 340 1719 381 in

232 414 437 455 concione
471 412 641 453 militari
674 424 806 465 saepe
829 410 1004 452 mirifice
1032 412 1201 465 profuit.
1237 412 1326 454 Nos
1349 418 1491 453 autem
1512 425 1605 453 cum
1626 424 1720 465 per-

230 484 469 525 fectissimo
523 482 694 524 dicendi
745 495 904 535 genere
959 483 1233 524 serenitatem
1287 490 1401 524 tuam
1455 495 1719 536 magnopere

231 555 437 596 delectari
466 555 736 605 sentiremus,
770 567 852 606 quo
881 554 1071 595 Messala
1101 554 1306 595 Corvinus
1337 561 1379 595 et
1408 553 1568 595 caeteri
1589 553 1720 594 maio-

230 640 299 668 res
344 627 405 667 tni
449 632 674 679 tantopere
720 625 923 666 delectati
969 632 1087 677 sunt,
1141 626 1458 679 Hermogenem
1508 624 1717 666 Graecum

231 698 474 748 Rhetorem,
510 697 581 750 qui
613 703 767 738 cuncta
800 696 1070 749 antiquorum
1109 696 1286 738 huiusce
1320 697 1423 737 artis
1463 696 1720 738 documenta

230 769 403 822 collegit
447 782 498 810 ac
530 768 633 808 miro
678 767 825 808 ordine
860 774 901 808 et
933 773 1058 809 acuto
1091 768 1246 809 mentis
1291 767 1485 809 acumine
1530 766 1717 817 tradidit,

229 842 447 893 multaque
482 839 534 880 de
568 839 714 880 formis
748 839 952 880 orationis
985 838 1142 880 adiecit
1168 853 1194 879 a
1218 839 1423 880 Cicerone
1457 838 1718 888 Quintiliano

230 912 500 964 caeterisque
546 910 711 951 Latinis
747 910 1005 951 Rhetoribus
1038 910 1211 961 omissa,
1250 910 1491 963 nuperrime
1531 909 1718 951 traduxi-

229 997 323 1024 mus
349 990 507 1035 tuoque
534 981 694 1022 minimi
717 981 850 1022 veluti
873 987 1069 1022 caeteros
1092 980 1263 1022 labores
1295 987 1465 1022 nostros
1489 981 1717 1022 dicandum

230 1068 328 1096 esse
362 1054 603 1104 statuimus,
648 1058 693 1093 ut
727 1066 820 1094 cum
858 1053 1084 1094 immortali
1124 1060 1196 1094 tuo
1230 1053 1400 1093 nomine
1436 1065 1514 1093 nos
1548 1065 1718 1105 quoque

229 1126 415 1178 aliquam
446 1124 807 1165 immortalitatem
838 1124 1140 1175 inveniremus,
1174 1123 1300 1164 Ennii
1331 1129 1486 1177 poetae
1520 1124 1716 1177 exemplo

228 1197 423 1237 nimirum
455 1196 634 1244 invitati,
676 1195 746 1247 qui
779 1202 823 1236 ut
854 1195 897 1236 in
932 1194 1144 1249 Scipionis
1177 1195 1409 1248 Aphricani
1443 1194 1715 1248 sepulchrum

228 1268 415 1321 benigne
449 1266 503 1307 ab
538 1266 629 1307 eius
674 1266 870 1307 manibus
903 1266 1118 1307 admissus
1152 1272 1231 1317 est,
1264 1265 1379 1307 unde
1412 1264 1716 1306 diuturniorem

229 1339 310 1380 sibi
343 1339 473 1380 vitam
511 1337 699 1387 invenit3
744 1338 804 1378 ita
842 1351 980 1378 meum
1024 1337 1181 1378 humile
1221 1349 1390 1388 nomen,
1438 1336 1475 1377 si
1507 1337 1573 1377 his
1606 1349 1716 1389 quae

229 1410 440 1451 edidimus
469 1415 539 1449 tuo
573 1408 745 1460 nomini,
769 1408 1052 1449 monumentis
1086 1421 1162 1462 per
1195 1408 1337 1462 operis
1364 1407 1551 1449 iudicem
1585 1421 1714 1462 appo-

228 1487 365 1532 natur,
411 1481 644 1535 poterimus
689 1480 875 1521 fortasse
908 1493 985 1533 per
1029 1479 1295 1521 divinitatem
1339 1479 1577 1520 Maiestatis
1616 1486 1715 1520 tuae

229 1566 355 1605 quam
400 1552 519 1593 nulla
564 1552 711 1593 secula
755 1552 1047 1592 conticescent
1090 1564 1168 1592 nos
1214 1564 1382 1603 quoque
1427 1549 1519 1591 fieri
1549 1551 1717 1591 immor-

227 1625 338 1665 tales
369 1658 376 1665 .
407 1657 415 1665 .

226 1810 342 1846 Divo
361 1809 590 1845 Matthiae
609 1807 882 1845 Pannoniae
904 1809 950 1844 et
965 1806 1184 1844 Boemiae
1199 1806 1328 1853 Regi,
1346 1806 1554 1853 Principi
1570 1807 1711 1844 Invic.

226 1875 404 1912 Antoni
423 1875 600 1911 Bonfin.
621 1874 867 1910 Traductio
889 1872 938 1909 in
957 1872 1338 1910 Architecturam
1363 1872 1561 1908 Antonii
1574 1872 1713 1909 Veru-

420 1941 505 1977 lini
531 1940 612 1976 Pie
639 1939 806 1975 Dicata
831 1938 1076 1975 Praefacio
1104 1938 1313 1974 feliciter
1338 1937 1516 1984 incipit.

351 2051 609 2102 Credebam,
663 2050 758 2092 dive
812 2049 992 2101 Mathia,
1045 2049 1252 2102 Princeps
1305 2048 1602 2100 invictissime,
1657 2048 1713 2090 ad

225 2122 453 2175 aequanda
496 2128 662 2163 tuorum
708 2122 992 2163 Romanorum
1037 2127 1164 2173 gesta
1208 2127 1249 2161 et
1283 2120 1338 2161 ad
1379 2119 1710 2174 comparandam

223 2194 583 2235 immortalitatem
628 2200 670 2235 te
717 2194 821 2234 satis
868 2206 919 2234 ex
964 2198 1055 2233 arte
1101 2191 1258 2233 bellica
1303 2191 1600 2245 sapientiaque
1639 2197 1712 2232 tua

224 2265 407 2306 nominis
452 2265 527 2306 tibi
573 2265 843 2316 vendicasse,
890 2277 1030 2316 neque
1075 2262 1191 2304 aliud
1225 2263 1453 2315 quiequam
1496 2263 1712 2304 Maiestati

225 2337 344 2377 Tuae
392 2337 574 2390 amplius
619 2335 933 2388 requirendum,
979 2347 1072 2376 cum
1105 2334 1213 2374 haec
1247 2334 1330 2375 duo
1368 2334 1596 2388 potissima
1628 2333 1711 2374 sint

224 2409 531 2461 Imperatorum
565 2413 816 2448 ornamenta
850 2412 892 2447 et
925 2405 1293 2459 expeditissimum
1331 2405 1412 2445 iter
1443 2404 1499 2445 ad
1531 2404 1708 2457 gloriam

224 2479 520 2532 praebeantim
543 2478 775 2518 mortalem.
811 2477 946 2526 Quem
969 2477 1080 2517 enim
1110 2476 1293 2528 legimus
1322 2482 1396 2516 aut
1418 2475 1615 2525 vidimus,
1640 2475 1710 2527 qui

223 2556 285 2590 tot
311 2549 549 2603 tryumphis
571 2547 686 2601 (sici)
719 2548 907 2599 laruerit,
941 2553 1003 2588 tot
1035 2548 1178 2601 opima
1211 2547 1347 2600 spolia
1379 2546 1585 2597 retulerit,
1619 2552 1709 2586 tan-

223 2628 309 2661 tum
334 2621 556 2673 sanguinis
589 2633 664 2674 pro
689 2619 922 2661 christiana
953 2617 1038 2658 fide
1060 2617 1311 2671 profuderit,
1335 2624 1539 2669 tantaque
1564 2622 1708 2670 strage

224 2692 448 2732 barbaram
482 2691 775 2731 infidelitatem
810 2689 1035 2739 affluxerit,
1071 2688 1142 2741 qui
1162 2694 1283 2729 tanta
1307 2701 1475 2741 quoque
1496 2688 1709 2741 sapientia

222 2763 424 2816 regnarit,
451 2769 570 2803 tanta
592 2762 819 2816 prudentia
844 2767 997 2801 cuncta
1020 2760 1292 2813 disposuerit,
1318 2765 1437 2800 tanta
1459 2758 1707 2800 fortitudine

222 2834 414 2888 pericula
447 2834 651 2879 obiicerit,
685 2840 805 2873 tanta
827 2831 954 2872 animi
982 2831 1275 2883 magnitudine
1305 2843 1500 2883 quaeque
1524 2829 1707 2870 maxima

224 2906 420 2958 gesserit,
455 2912 573 2945 tanta
606 2905 848 2945 tollerantia
886 2901 1146 2954 assiduoque
1179 2902 1325 2942 labore
1358 2914 1537 2954 regnum
1576 2900 1706 2941 admi-
