1955 3278
405 159 475 193 228

405 316 473 350 260

404 671 472 705 265

403 1027 472 1061 270

403 1384 470 1417 275

584 303 667 345 Cur
699 303 871 356 capiant
905 316 1074 344 cursum
1106 302 1282 343 fiumina
1314 315 1443 345 rauca
1477 315 1611 344 suum.

526 374 704 428 Singula
738 387 848 427 quae
882 373 1053 415 validae
1088 381 1300 416 scrutatur
1332 375 1487 416 mentis
1521 386 1715 421 acumen,

583 445 765 487 Edocuit
797 445 939 486 medio
974 445 1268 498 splendidiora
1301 445 1380 486 (lie.

524 517 725 558 Attamen
758 516 871 557 hunc
904 516 1040 570 potuit
1073 516 1244 557 minime
1278 517 1462 558 tolerare
1495 515 1745 569 magistrum

584 587 841 629 Constanter
873 588 1072 628 Danaum
1106 588 1291 629 maxima
1323 587 1448 629 turba
1479 594 1656 641 patrum.

522 659 742 701 Malebant
773 659 915 713 potius
949 659 1088 700 cultus
1121 659 1304 700 retinere
1339 658 1529 707 deorum,

583 731 720 780 Quam
755 731 936 771 altarum
970 743 1108 771 rerum
1142 730 1387 783 cognitione
1420 730 1517 771 frui.

524 802 594 844 Sic
628 808 670 843 et
702 802 985 854 Anaxagoras
1018 800 1158 842 fuerat
1191 801 1420 842 mulctatus
1453 814 1598 841 amare

581 873 855 914 Nummorum
888 872 1040 926 poenis
1075 872 1289 925 exilioque
1322 872 1455 925 gravi,

523 944 702 986 Lamina
735 944 848 996 quod
881 943 1073 985 candens
1103 949 1266 984 tantum
1291 944 1548 998 penitusque
1570 955 1749 984 corusca

583 1015 776 1056 Dixisset
807 1022 969 1056 temere
1004 1014 1077 1056 Sol
1110 1014 1220 1055 foret
1253 1014 1525 1056 116111616113.ι

526 1086 769 1128 Credebant
801 1086 919 1126 illum
952 1085 1121 1127 facinus
1154 1085 1312 1127 fecisse
1345 1085 1579 1127 nefandum

580 1158 703 1200 Actei
736 1155 778 1211 (l)
811 1163 981 1199 veteres
1015 1157 1067 1199 de
1101 1157 1314 1210 gravitate
1350 1170 1440 1209 sua,

523 1228 647 1279 Quod
679 1229 760 1270 fuit
792 1236 970 1282 argutus
1006 1229 1066 1270 sic
1100 1229 1152 1270 de
1188 1228 1449 1270 coelestibus
1483 1241 1628 1275 ausus,

584 1301 690 1342 Tam
725 1301 898 1341 nimium
932 1300 1084 1342 leviter
1115 1300 1220 1341 talia
1252 1301 1384 1342 verba
1416 1301 1545 1353 loqui.

520 1373 611 1414 Nec
644 1373 782 1414 minus
815 1372 1033 1425 ingenium
1067 1372 1269 1414 Romanis
1304 1385 1405 1413 cura
1436 1371 1643 1424 laborque

580 1444 629 1485 In
664 1444 962 1485 conservanda
994 1443 1218 1497 relligione
1252 1443 1344 1485 fuit.

520 1515 573 1556 Hi
605 1515 776 1556 fuerant
810 1515 1004 1568 quamvis
1039 1515 1246 1556 bellorum
1281 1514 1471 1569 pondere
1504 1514 1656 1568 1116331Ἰ

578 1586 762 1627 Assidue
796 1586 945 1640 templi
980 1586 1078 1627 dum
1110 1593 1288 1640 patuere
1323 1586 1451 1631 fores,

520 1658 684 1698 Tullius
718 1658 915 1699 occubuit
949 1657 1121 1710 liquidis
1155 1658 1403 1699 submersus
1435 1657 1478 1697 in
1512 1656 1650 1704 undis,

579 1728 703 1778 Quod
735 1729 888 1770 librum
924 1729 1104 1770 dederat
1140 1729 1327 1770 scribere
1361 1729 1576 1769 Petronio.

520 1800 701 1854 Mystica
734 1800 805 1853 qui
836 1801 973 1841 tenuit
1007 1814 1221 1842 sacrorum
1257 1800 1447 1841 archana
1481 1799 1656 1841 deorum

575 1871 830 1913 Pontificum
864 1872 981 1915 ritus,
1019 1872 1153 1913 ardua
1186 1872 1315 1918 factaq
1350 1877 1518 1925 patrum

518 1942 801 1996 Pompiliique
835 1943 1000 1984 Numae
1034 1949 1242 1997 congesta
1274 1943 1490 1984 volumina
1524 1941 1719 1993 flammis,

576 2015 709 2055 Urere
743 2014 920 2065 curavit,
956 2014 1109 2055 Martia
1141 2014 1276 2055 Roma
1308 2014 1444 2066 vagis.

518 2085 707 2126 Dissona
741 2084 853 2138 quod
886 2085 1027 2126 fuerat
1060 2086 1227 2126 illorum
1260 2084 1487 2137 relligioni,

575 2156 752 2197 Errores
786 2156 945 2210 pariter
978 2157 1014 2198 si
1046 2163 1224 2198 tenuere
1260 2157 1408 2200 malos.

517 2227 562 2269 Si
594 2234 714 2268 tanto
749 2227 889 2268 studio
925 2227 1068 2269 divum
1102 2228 1361 2268 simulachra
1395 2227 1596 2269 colebant

573 2299 757 2340 Horrida
790 2298 1011 2349 falsorum,
1046 2299 1368 2352 sacrilegosque
1401 2299 1523 2340 focos

515 2370 702 2423 Argolici
735 2377 917 2417 veteres,
952 2371 1133 2411 Romani
1166 2370 1367 2422 denique7
1402 2383 1578 2422 quorum

565 2440 690 2482 Orbis
725 2447 767 2481 et
801 2441 1023 2494 imperium
1058 2441 1135 2481 sub
1169 2441 1335 2482 dicione
1371 2441 1465 2488 fuit,

519 2511 642 2560 Quod
675 2526 772 2553 mox
805 2513 932 2554 exilio
967 2513 1105 2554 claros
1138 2513 1207 2554 vel
1239 2519 1374 2554 morte
1407 2512 1598 2554 nefanda

573 2581 870 2624 Da1nnarunt2
906 2584 1022 2625 cives
1056 2584 1398 2638 praecipuosque
1432 2584 1606 2638 sophos,

515 2653 597 2704 Qui
630 2655 759 2696 verbo
793 2662 956 2695 tantum
990 2655 1203 2696 violarunt
1236 2656 1408 2696 numina
1442 2669 1555 2697 vana

573 2726 813 2767 Laeserunt
846 2726 965 2777 ritus,
998 2725 1332 2780 pontificumque
1365 2726 1539 2768 modos:

397 2808 404 2821 ⁸
447 2806 461 2812 “
520 2796 728 2838 Convenit
761 2810 816 2837 an
850 2797 1116 2850 nobis-quos
1150 2796 1345 2839 Christus
1379 2803 1532 2851 sponte
1565 2796 1746 2839 redemit

517 2947 526 2966 ¹
556 2947 736 2981 Aetereus
764 2947 806 2981 A.
858 2947 869 2965 2'
897 2947 1147 2991 Dampnarunt
1173 2948 1215 2981 Α.
