1955 3278
120 465 188 499 130

116 821 183 855 135

112 1175 179 1209 140

109 1530 177 1565 145

106 1886 174 1920 150

101 2243 169 2278 155

101 2599 170 2634 160

1535 120 1602 155 301

298 245 547 290 Luminibus
581 250 751 292 densis:
786 259 1052 307 septenaque
1087 259 1270 300 culmina
1293 261 1440 303 mirum

297 316 572 361 Pertimuisse
606 321 747 362 serunt
779 322 902 372 Latie
936 326 1141 369 miracula
1173 336 1294 379 terre.

298 387 448 441 Tuque
481 390 602 432 labor
634 391 819 434 Nemees
854 395 1076 448 Tyrinthia
1107 400 1244 452 gloria
1266 405 1441 445 monstri

297 458 509 502 Herculea
531 462 717 504 iacuisse
737 477 886 505 manu:
922 466 1054 515 Quem
1078 471 1240 522 penitet
1263 486 1445 526 unquam

295 528 580 573 Procubuisse
599 533 793 584 quidem:
823 542 864 576 et
887 550 1042 591 magno
1067 542 1252 583 cessisse
1271 543 1460 587 domanti

295 599 494 643 Fortibus
527 603 643 645 haud
676 605 806 647 ausis.
841 606 926 649 Vos
955 612 1098 651 cancri
1122 612 1246 666 signa
1279 619 1439 668 perusti

295 669 540 714 Candentes
573 680 696 715 aestu
728 675 888 729 Lybies
921 682 1124 722 torrentia
1157 683 1304 737 Syrtes

294 743 657 799 Cornigerumque
675 748 838 791 Iovem:
863 756 905 791 et
928 751 1111 794 sitientis
1135 767 1304 809 semper
1318 757 1514 801 harenas.

293 814 451 857 Vector
483 822 525 857 et
557 817 711 872 Ogigie
745 820 928 863 dederas
963 824 1033 875 qui
1065 830 1237 878 tergora
1270 836 1401 882 nuptc

290 884 518 928 Deteriora
543 889 663 931 Deus
685 891 839 941 misere
874 907 1042 947 quoque
1066 896 1257 949 proditor
1279 899 1426 942 Helles

291 957 511 999 Astrorum
543 960 705 1013 primus
739 962 911 1005 ductor:
946 966 1176 1020 pelagique
1210 970 1331 1012 ruina

289 1026 337 1067 In
371 1028 590 1072 Thalamis
623 1033 827 1085 predulce
861 1036 943 1077 tuis
977 1050 1000 1078 o
1033 1039 1209 1092 virginis
1243 1048 1413 1084 ast-rum.

287 1097 419 1140 Libra
441 1113 627 1153 sequens
650 1117 735 1156 qua
756 1105 888 1147 Cesar
911 1114 1033 1149 ovat:
1069 1110 1276 1165 cheleque
1299 1115 1487 1165 verende

288 1168 616 1225 Phyliridesque
650 1181 773 1217 vetus
806 1179 1022 1231 geminato
1055 1188 1228 1234 pectore
1256 1185 1423 1237 pollens

287 1240 541 1294 Arcipotens
574 1246 730 1288 tinctas
763 1248 953 1291 vibratus
985 1263 1088 1305 sepe
1123 1254 1315 1308 sagiptas
1339 1254 1383 1309 (l)

286 1310 488 1354 Falciferi
522 1315 574 1356 de
608 1317 740 1372 stirpe
773 1320 906 1373 patris
940 1328 1014 1363 tua
1047 1322 1255 1377 deprecor
1287 1340 1373 1369 ora.

286 1380 493 1437 Corniger
523 1385 640 1427 hirce
674 1389 798 1430 simul
830 1391 964 1433 fallax
996 1393 1212 1447 Neptunia
1244 1398 1386 1449 proles

286 1452 436 1506 Tuque
459 1470 565 1510 puer
588 1458 744 1501 dilecte
768 1461 870 1512 Iovi,
905 1464 976 1516 qui
998 1464 1142 1506 fussor
1165 1464 1206 1520 (!)
1226 1481 1430 1520 aquarum

286 1523 500 1578 Prodelis,
525 1536 566 1569 et
590 1531 749 1582 gemini
774 1532 931 1585 pisces,
967 1536 1118 1587 quibus
1140 1538 1311 1580 ultimus
1336 1540 1438 1582 ordo

285 1594 368 1636 Oro
402 1610 478 1639 vos
514 1612 661 1642 omnes
695 1603 776 1643 celi
810 1604 862 1645 de
895 1612 1018 1658 parte
1053 1620 1206 1649 serena

281 1665 329 1706 In
362 1668 506 1709 media
539 1671 708 1724 signate
741 1674 906 1717 locum:
941 1690 1022 1729 quo
1053 1692 1225 1721 cernere
1247 1681 1423 1724 Romam

283 1736 472 1791 Belliger
505 1748 546 1782 et
578 1749 694 1784 recto
729 1746 873 1787 valeat
904 1748 1086 1790 lustra-re
1121 1750 1306 1800 Quirites

282 1807 445 1860 Sydere
479 1818 521 1853 et
554 1815 691 1855 aurati
725 1816 936 1871 Capitolia
969 1820 1086 1861 celsa
1119 1823 1306 1863 tonantis

285 1879 561 1925 Vuladislaus
596 1891 717 1927 atrox
740 1893 955 1942 sceptrum
979 1905 1218 1944 cognomen
1244 1901 1285 1934 et
1308 1895 1423 1937 urbis

284 1950 502 1995 Conferet:
527 1957 834 2012 antiquumque
856 1961 988 2003 decus
1007 1977 1100 2004 cum
1124 1965 1294 2005 nomine
1317 1966 1448 2020 Regis

280 2021 445 2065 Nomen
479 2033 520 2066 et
554 2040 579 2067 a
601 2028 724 2070 victis
754 2030 939 2073 deducet
967 2034 1110 2075 nobile
1144 2036 1304 2077 Turcis.

278 2092 453 2136 Iunctus
487 2098 565 2138 erit
599 2099 749 2142 dextro
783 2103 906 2143 lateri
939 2104 1171 2147 Mavortius
1204 2107 1332 2149 heros

278 2164 332 2205 Et
364 2166 459 2208 levo
494 2170 654 2211 astabit
685 2172 938 2226 prefulgens
971 2175 1175 2218 Romulus
1208 2180 1336 2219 astris

278 2235 477 2292 Desuper
509 2253 534 2279 a
567 2254 689 2283 sacro
723 2243 976 2297 dependens
1009 2248 1168 2289 vertice
1202 2250 1362 2291 lambet

278 2307 494 2363 Iuppiter:
523 2318 565 2352 et
589 2313 728 2354 crines
756 2315 882 2356 rutila
905 2316 1160 2371 flammaque
1189 2319 1423 2373 flagrantes

279 2379 494 2434 Spargere
528 2383 645 2424 visus
679 2385 770 2436 erit,
805 2387 1047 2440 circumque
1080 2390 1255 2431 innoxia
1288 2392 1411 2434 dulce

277 2450 471 2503 Lumina,
507 2454 648 2495 divino
681 2466 755 2497 tua
786 2456 966 2499 fundere
1002 2466 1195 2514 tempora
1229 2463 1356 2504 cultu.

277 2521 381 2564 Post
414 2531 536 2577 pater
568 2526 639 2567 ille
674 2540 775 2568 suus
807 2542 955 2582 regum
990 2531 1224 2584 sapientior
1256 2547 1364 2575 unus

280 2592 415 2643 Quem
447 2597 566 2637 vultu
599 2597 711 2639 festo
744 2606 890 2640 natum
924 2608 1120 2654 spectare
1153 2604 1315 2645 iuvabit

275 2662 358 2705 Ore
381 2667 514 2718 gravi,
539 2669 826 2722 gravibusque
851 2672 984 2713 oculis
1006 2673 1077 2713 ille
1098 2674 1282 2727 inclytus
1306 2677 1432 2717 armis

274 2735 410 2777 Huius
433 2737 565 2779 frater
585 2753 748 2781 amans.
782 2742 873 2782 Rex
896 2743 1005 2783 alter
1026 2743 1187 2785 honore
1211 2746 1425 2787 verendus

275 2805 492 2860 Cognatos
527 2817 756 2852 concernet
788 2826 906 2862 avos,
941 2820 983 2854 et
1016 2816 1199 2856 maxima
1231 2817 1378 2859 Martis

275 2876 420 2919 Gloria
451 2880 654 2922 Pollonos
688 2895 896 2936 superans
920 2885 1111 2927 animosa
1144 2887 1393 2942 triumphos,
