1955 3278
1496 108 1562 142 271

82 331 317 368 Marsilius
335 331 526 368 Ficinus
544 331 741 368 Nicolao
760 332 988 379 Episcopo
1007 333 1228 370 Vaciensi
1249 337 1295 371 et:
1315 335 1563 374 Francisco

646 396 860 433 Bandino
889 397 928 433 S.
956 398 1005 434 D.

198 508 291 561 Egy
343 507 500 549 hosszu
553 507 778 549 ertekezes
832 507 1046 549 Marsilius
1101 510 1270 551 Ficinus
1322 512 1566 554 leveleinek

79 578 183 621 II—ik
215 578 484 632 k'onyveben,
518 578 591 619 fol.
627 576 725 621 688.

197 649 393 702 Targya:
429 649 583 690 Forma
606 662 813 702 corporea
845 649 1047 691 dividitur
1080 657 1121 691 et
1156 657 1347 692 movetur
1380 653 1432 693 ab
1467 654 1562 694 alio.

80 720 233 761 Anima
275 720 496 761 rationalis
540 733 625 761 non
671 719 883 768 dividitur.
932 720 1008 761 sed
1055 734 1107 761 ex
1141 734 1186 761 se
1220 722 1316 775 ipsa
1362 731 1563 764 movetur.

81 791 273 844 Angelus
318 804 457 843 neque
491 790 692 832 dividitur
737 805 876 843 neque
911 799 1115 838 movetur,
1163 792 1241 833 sed
1286 793 1459 835 aliunde
1492 795 1565 834 im-

81 861 232 915 pletur.
276 862 396 903 Deus
430 867 496 903 est
528 862 748 915 plenitudo
782 876 867 903 una
900 863 1080 917 simplex
1113 864 1333 905 immensa.

198 932 419 987 Minthogy
442 932 708 982 erdektelem
736 947 832 974 nem
857 941 1008 975 tartom
1033 935 1360 988 sztikse'gesnek
1382 935 1563 977 kozo'lni.

81 1141 318 1178 Μαι-8111118
343 1141 534 1179 Ficinus
561 1143 770 1179 Mathiae
799 1143 1075 1180 felicissimo
1103 1145 1371 1182 Pannoniae
1388 1145 1489 1192 regi
1517 1145 1567 1180 in

81 1216 197 1252 pace
226 1207 533 1252 securitatem,
559 1208 609 1244 in
635 1208 758 1244 bello
785 1208 1042 1251 victoriam,
1070 1210 1116 1245 in
1141 1209 1343 1247 victoria
1369 1210 1567 1257 gloriam

482 1273 815 1319 sempiternam
840 1273 1137 1310 vaticinatur.
1154 1276 1163 1295 ¹

198 1383 321 1424 Plato
370 1390 527 1435 noster,
582 1384 933 1438 philosophorum
986 1391 1121 1438 pater,
1174 1398 1250 1426 rex
1302 1385 1565 1436 felicissime,

80 1454 365 1496 Xenocratem
398 1455 667 1507 Dionemque
701 1454 880 1496 dilectos
915 1455 1147 1509 discipulos
1181 1469 1296 1507 suos,
1329 1456 1442 1497 viros
1478 1457 1565 1509 qui-

83 1525 180 1567 dem
201 1531 388 1578 sanctos,
410 1526 487 1567 sed
510 1527 638 1580 paulo
673 1526 911 1568 severiores
938 1526 1232 1579 tristioresque
1261 1540 1387 1579 quam
1411 1527 1566 1569 decere

82 1596 364 1650 philosophos
408 1596 638 1648 videretur⁷
685 1610 818 1651 saepe
863 1610 1037 1639 monere
1081 1586 1268 1647 solebat.
1317 1606 1361 1639 ut
1411 1598 1567 1639 Gratiis

83 1680 206 1708 sacra
247 1667 573 1721 diligentissime
607 1668 812 1718 facerent,
848 1681 929 1721 quo
963 1669 1241 1722 gratiosiores
1276 1669 1568 1711 iucundiores-

83 1751 165 1791 que
190 1738 481 1780 redderentur.
518 1738 641 1788 Quod
664 1748 806 1780 autem
829 1740 997 1780 Platoni
1020 1738 1190 1781 nostro2
1227 1740 1441 1792 quondam
1465 1754 1569 1794 erga

86 1808 318 1864 discipulos
352 1810 485 1851 suos³
519 1811 734 1864 agendum
767 1811 858 1859 fuit,
891 1811 1005 1852 idem
1038 1811 1137 1852 mihi
1173 1824 1285 1852 nunc
1315 1825 1417 1864 erga
1440 1811 1571 1865 gemi-

84 1893 163 1922 nos
208 1880 483 1935 epistolarum
528 1895 715 1923 mearum
762 1881 892 1923 libros
938 1881 1061 1934 quasi
1099 1882 1259 1923 liberos
1291 1896 1410 1924 meos
1443 1882 1569 1924 video

84 1950 343 1993 faciendum.
377 1952 538 1993 Videor
571 1952 767 2005 equidem
800 1952 957 2006 frigido
992 1952 1189 2004 quodam,
1224 1959 1268 1993 ut
1300 1953 1360 1994 ita
1392 1953 1570 2005 (1163111,4Ε

86 2021 248 2064 561111116
272 2023 489 2076 gravidus,
523 2023 602 2065 hos
626 2021 867 2076 aliquantsfi'
900 2024 1140 2064 severiores
1165 2037 1291 2076 quam
1316 2025 1570 2078 epistolares

85 2093 243 2136 liberos
277 2093 430 2135 deceat
463 2095 698 2149 peperisse.
754 2094 858 2144 Quis
893 2095 1004 2136 enim
1038 2094 1078 2135 in
1113 2095 1270 2135 seculis
1304 2095 1568 2148 regionibus-

209 2233 216 2252 ¹
256 2245 290 2277 p.
330 2234 408 2267 721.
452 2234 485 2268 A
524 2234 804 2268 Wolfenbiittcli
843 2234 1023 2268 codexbol
1062 2234 1172 2272 (Libri
1211 2235 1284 2268 duo
1326 2236 1572 2278 Epistolarum

85 2291 241 2326 Mathiae
268 2292 416 2327 Marsilii
439 2293 553 2328 Ficini
579 2293 777 2327 Florentini
805 2293 850 2326 ad
868 2292 1039 2326 Mathiam
1066 2292 1343 2328 Serenissimum
1361 2294 1570 2328 Pannoniae

86 2351 225 2396 Regem
251 2352 434 2387 invictum.
474 2351 645 2387 Calendis
673 2352 889 2386 Octobribus
917 2350 1303 2395 MCCCCLXXXIIII.)
1342 2353 1440 2387 ko'zli
1466 2354 1572 2388 Rumi

87 2410 299 2455 („Ausziige
327 2421 392 2445 aus
419 2412 488 2446 den
515 2411 799 2446 Handschriften
826 2411 890 2445 der
916 2411 1175 2445 Corvinischen
1215 2412 1325 2446 Ofner
1350 2412 1570 2454 Bibliothek,

87 2469 145 2504 die
173 2470 251 2504 sich
273 2470 367 2515 jetzt
392 2471 429 2504 in
455 2471 519 2505 der
544 2470 755 2505 Bibliothek
793 2471 827 2504 in
855 2470 1121 2505 Wolfenbuttel
1147 2470 1327 2512 befinden‚
1368 2471 1570 2506 besonders

87 2528 124 2562 in
149 2529 317 2564 Hinsicht
343 2530 407 2564 der
432 2530 649 2565 Verdienste
676 2530 742 2564 des
770 2530 990 2574 ungrischen
1018 2529 1158 2573 K'onigs
1196 2530 1365 2564 Matthias
1393 2529 1570 2565 Corvinus

87 2598 148 2622 um
166 2588 224 2622 die
252 2588 504 2633 Befo‘rderung
530 2590 594 2623 der
611 2588 932 2624 Wissenschaften
958 2589 993 2622 in
1020 2589 1158 2623 seinem
1187 2587 1380 2624 Zeitalter“
1411 2601 1431 2624 a
1461 2590 1571 2632 „Zeit-

89 2647 217 2682 schrift
241 2658 312 2682 von
339 2648 414 2682 und
439 2648 496 2682 ftir
522 2649 688 2693 Ungern“
732 2648 888 2682 1804-iki
928 2647 1234 2692 evfolyamaban).
1278 2648 1311 2681 A
1337 2649 1431 2683 level
1457 2650 1570 2685 czime

94 2704 229 2741 VV-ben
255 2707 289 2747 (a
308 2707 588 2743 Wolfenbiitteli
614 2708 815 2750 codexben)
834 2721 839 2741 :
868 2707 1088 2741 Eoehortatio
1110 2707 1158 2741 ad
1176 2707 1306 2741 bellum
1332 2712 1457 2742 contra
1478 2709 1571 2743 Bar-

88 2763 207 2799 baros.
245 2765 423 2801 Marsilius
462 2767 608 2801 Ficinus
646 2768 875 2802 Florentinus
913 2767 1069 2801 Mathiae
1097 2767 1322 2801 Felicissimo
1360 2767 1570 2803 Pannoniae

89 2823 183 2868 Regi
215 2825 285 2859 stb.
336 2824 348 2843 ²
381 2829 502 2860 nostro
536 2826 708 2870 hianyzik
745 2826 886 2861 11'-ben.
938 2828 950 2845 ³⁵
980 2827 1073 2860 duos
1113 2826 1165 2859 W.
1218 2829 1230 2846 ⁴
1263 2830 1302 2860 ut
1333 2828 1482 2861 dixerim
1516 2827 1568 2861 W.

92 2882 105 2901 ⁵
131 2882 326 2927 aliquando
352 2884 396 2918 F.
