1898 3278
1548 141 1593 174 87

103 283 202 325 dam
234 283 395 336 ingenii
428 289 470 324 01
503 282 754 324 eruditionis
792 283 1051 325 Pisonianae
1092 297 1246 337 capere
1280 283 1429 338 possit.
1476 282 1588 337 Opto

103 353 216 394 enim
247 353 434 404 mirifice,
468 361 513 394 111
546 368 598 394 ex
631 354 782 395 eadem
805 353 949 394 fidelia
982 353 1043 407 (ut
1067 362 1132 396 est
1152 356 1194 395 in
1217 353 1457 408 proverbio)
1481 354 1587 396 duos

103 425 291 478 parietes
325 424 589 475 dealbemus⁷
622 424 665 465 id
696 432 761 465 est
795 424 946 465 eadem
970 438 1101 479 opera
1126 425 1232 466 duos
1256 438 1588 479 promereamur,

102 495 148 536 R.
171 495 224 536 D.
243 495 537 548 Istrigoniensi
555 495 757 549 optimum
779 502 1105 549 praeceptorem
1129 502 1170 537 et
1193 496 1339 536 Pisoni
1360 497 1587 538 maximum

102 566 336 607 antistitem
369 566 658 607 conciliantes.
693 567 758 607 De
792 579 876 619 qua
908 580 953 607 re
986 567 1143 620 poterit
1175 567 1221 607 R.
1246 567 1298 607 D.
1334 567 1462 608 etiam
1493 580 1587 608 cum

100 636 384 678 illustrissimo
417 643 597 690 patrono
630 643 774 678 nostro
808 650 1048 678 sermonem
1082 637 1255 679 habere.
1288 637 1398 678 Nam
1428 644 1469 679 01
1491 639 1585 692 ipse

100 721 266 749 mecum
300 707 353 749 de
387 708 468 749 hoc
499 708 680 761 negocio
724 709 891 749 locutus
925 714 1004 759 est,
1052 721 1227 761 quorum
1260 709 1428 762 utrique
1461 710 1586 763 cupio

100 778 366 832 diligentiam
399 792 536 820 meam
569 779 794 832 probatum
827 779 886 819 iri.
921 779 1040 821 Bene
1073 780 1183 821 vale.
1219 780 1363 833 Agria.

128 945 168 985 p.
203 930 272 975 87.
323 931 492 973 Caelius
530 931 616 973 Gal.
649 931 1016 974 Reverendissimo
1049 933 1259 986 Episcopo
1290 932 1481 975 Vatiensz'
1515 934 1556 975 S.

232 1027 404 1078 (Ennek
437 1027 602 1081 ajanlja
636 1027 704 1078 ,de
737 1028 891 1081 pulice‘
926 1031 1061 1069 czimii
1094 1032 1250 1071 miivet.
1285 1028 1450 1082 Agria.)

329 1196 368 1236 p.
402 1180 470 1224 89.
524 1180 692 1222 Caelius
730 1181 818 1223 Cal.
853 1181 1022 1223 Joanm'
1054 1180 1274 1224 Manardo
1309 1182 1350 1224 S.

217 1322 224 1330 .
256 1322 262 1329 .
294 1320 301 1327 .
333 1289 450 1329 Tuas
488 1289 633 1341 itaque
671 1289 817 1330 literas
863 1296 1051 1331 actutum
1089 1291 1270 1344 principi
1314 1291 1494 1342 reddidi,
1542 1299 1584 1334 et

96 1360 416 1402 accuratissime
451 1373 545 1401 cum
579 1374 629 1402 00
662 1360 716 1402 (10
749 1367 820 1402 1110
844 1362 1017 1415 negotio
1052 1375 1143 1403 sum
1165 1363 1346 1404 locutus.
1380 1363 1456 1404 llle
1481 1377 1581 1405 vero

95 1444 142 1472 se
175 1437 249 1472 tua
271 1445 403 1472 causa
426 1432 568 1472 omnia
590 1432 800 1473 facturum
823 1433 998 1486 recepit,
1023 1446 1102 1474 nec
1124 1433 1249 1475 modo
1273 1434 1581 1488 perdiligenter

95 1501 150 1543 ad
172 1502 218 1543 R.
236 1502 288 1543 D.
312 1502 661 1555 Istrigoniensem
686 1503 881 1544 daturum
905 1517 1001 1545 esse
1024 1504 1185 1555 literas,
1205 1518 1350 1546 verum
1373 1511 1415 1546 et
1437 1518 1580 1547 coram

94 1573 226 1615 verba
268 1573 480 1615 facturum
511 1573 554 1614 in
593 1574 793 1627 proximis
833 1575 1013 1616 comitiis
1052 1574 1293 1617 affirmavit.
1340 1577 1443 1618 Eius
1484 1590 1582 1618 con-

92 1644 235 1685 silium
268 1650 346 1696 est,
392 1644 505 1697 quod
538 1652 582 1685 ut
613 1644 671 1685 ibi
704 1635 1061 1687 communicarem
1100 1646 1331 1698 mandavit,
1365 1654 1410 1688 ut
1452 1648 1580 1689 istam

93 1721 192 1756 tuae
225 1715 426 1756 abitionis
459 1716 718 1757 sententiam
750 1717 791 1757 in
826 1717 916 1758 eius
951 1716 1181 1758 adventum
1214 1718 1426 1772 integram
1449 1719 1578 1761 sinas.

93 1785 230 1836 Quom
264 1786 375 1827 enim
410 1787 542 1828 semel
573 1787 625 1828 D.
660 1787 1010 1841 Istrigoniensem
1044 1795 1086 1829 et
1115 1795 1414 1842 procuratores
1436 1790 1580 1844 regios

93 1856 147 1898 (10
179 1865 252 1898 tua
284 1871 328 1898 re
361 1857 488 1899 fuerit
521 1858 745 1910 allocutus,
786 1859 884 1901 111110
917 1859 1179 1901 commodius
1213 1866 1340 1913 atque
1375 1862 1579 1903 maturius

92 1929 316 1969 consulere
349 1928 523 1982 poteris,
570 1935 612 1970 01
645 1929 847 1983 quicquid
885 1930 1103 1984 agundum
1137 1931 1407 1973 constituere.
1452 1932 1578 1974 Nullo

92 1999 217 2040 modo
236 1999 401 2053 probat,
427 2005 472 2040 ut
495 2000 547 2041 de
571 2000 867 2055 recuperanda
885 2002 1068 2055 pecunia
1090 2001 1278 2042 animum
1303 2002 1579 2057 despondeas

90 2083 230 2123 neque
249 2077 294 2112 ut
323 2085 368 2112 re
392 2072 554 2113 infecta
572 2079 644 2113 aut
668 2073 820 2113 saltem
844 2086 928 2113 non
951 2079 1161 2127 apparata
1183 2071 1384 2125 decedas⁷
1408 2074 1579 2127 quando

90 2141 133 2184 id
164 2142 241 2184 tibi
273 2144 344 2184 uni
378 2150 419 2184 01
451 2144 562 2184 malo
597 2151 640 2185 et
674 2143 913 2198 dispendio,
949 2144 1214 2186 debitoribus
1248 2151 1391 2186 autem
1423 2146 1507 2186 tuis
1538 2153 1579 2186 et

89 2213 297 2267 voluptati
329 2221 370 2255 et
402 2215 518 2256 lucro
551 2215 736 2256 futurum
770 2221 914 2269 putat;
950 2215 1027 2256 sed
1054 2217 1195 2257 omnia
1226 2216 1513 2270 pertentanda
1538 2224 1579 2258 01

90 2297 257 2326 omnem
300 2285 488 2339 lapidem
544 2286 800 2328 movendum
846 2286 1008 2328 svadet.
1064 2287 1147 2328 Aut
1180 2289 1291 2329 enim
1332 2288 1577 2329 exorabitur

88 2355 421 2409 Istrigoniensis,
455 2364 499 2398 ut
532 2364 804 2411 praesentem
836 2358 1062 2411 pecuniam
1096 2358 1181 2410 det,
1214 2359 1308 2413 ipse
1332 2372 1378 2400 se
1412 2359 1575 2411 regium

89 2426 342 2468 creditorem
375 2433 559 2479 statuat;
606 2429 674 2470 vel
707 2429 742 2470 si
775 2429 910 2470 omnis
942 2429 1049 2469 ratio
1083 2442 1161 2470 nos
1194 2429 1448 2481 destituerit,
1483 2430 1576 2484 ipse

88 2497 289 2552 princeps
333 2512 454 2540 meus
499 2506 748 2540 numeratae
793 2500 869 2540 tibi
901 2500 1111 2553 pecuniae
1157 2507 1383 2554 praetextu
1421 2508 1575 2545 utetur,

88 2574 133 2608 ut
167 2569 348 2610 subinde
382 2570 463 2611 sibi
506 2571 611 2612 certi
638 2571 801 2612 reditus
846 2584 897 2611 ex
932 2571 1096 2611 aerario
1139 2572 1490 2625 praescribantur
1524 2586 1577 2613 ex

88 2639 242 2691 quibus
264 2641 447 2693 pecunia
467 2641 739 2695 exprimatur,
774 2642 850 2683 tibi
873 2641 1142 2695 postmodum
1164 2643 1432 2684 resolvenda.
1466 2643 1575 2684 lllud

88 2710 217 2750 etiam
250 2710 369 2752 addit
401 2712 516 2753 nullo
548 2712 676 2753 modo
708 2713 893 2766 placere,
928 2719 973 2753 ut
1008 2713 1131 2765 quasi
1162 2727 1207 2754 re
1241 2713 1473 2768 desperata
1503 2715 1574 2755 ist-

87 2779 185 2820 hinc
218 2780 352 2822 abeas
385 2795 469 2822 non
502 2782 744 2823 rediturus.
771 2817 778 2824 .
805 2816 811 2823 .
846 2783 986 2836 Agria.
