<?xml version="1.0" encoding="UTF-8"?>
<!DOCTYPE html PUBLIC "-//W3C//DTD XHTML 1.0 Transitional//EN"
    "http://www.w3.org/TR/xhtml1/DTD/xhtml1-transitional.dtd">
<html xmlns="http://www.w3.org/1999/xhtml" xml:lang="en" lang="en">
 <head>
  <title>
</title>
<meta http-equiv="Content-Type" content="text/html;charset=utf-8" />
  <meta name='ocr-system' content='tesseract 3.04.00' />
  <meta name='ocr-capabilities' content='ocr_page ocr_carea ocr_par ocr_line ocrx_word'/>
</head>
<body>
  <div class='ocr_page' id='page_1' title='image "analectanovaadhi00beuoft_0111.png"; bbox 0 0 1898 3278; ppageno 0'>
   <div class='ocr_carea' id='block_1_1' title="bbox 1526 163 1570 195">
    <p class='ocr_par' dir='ltr' id='par_1_1' title="bbox 1526 163 1570 195">
     <span class='ocr_line' id='line_1_1' title="bbox 1526 163 1570 195; baseline 0.023 -1"><span class='ocrx_word' id='word_1_1' title='bbox 1526 163 1570 195; x_wconf 69' lang='lat'>93</span> 
     </span>
    </p>
   </div>
   <div class='ocr_carea' id='block_1_2' title="bbox 82 303 1570 1564">
    <p class='ocr_par' dir='ltr' id='par_1_2' title="bbox 82 303 1570 1564">
     <span class='ocr_line' id='line_1_2' title="bbox 85 303 1568 359; baseline 0.002 -15"><span class='ocrx_word' id='word_1_2' title='bbox 85 309 216 345; x_wconf 89' lang='lat' dir='ltr'>antea</span> <span class='ocrx_word' id='word_1_3' title='bbox 249 304 517 358; x_wconf 80' lang='lat' dir='ltr'>scripseram,</span> <span class='ocrx_word' id='word_1_4' title='bbox 551 304 678 357; x_wconf 88' lang='lat' dir='ltr'>longe</span> <span class='ocrx_word' id='word_1_5' title='bbox 702 303 947 354; x_wconf 88' lang='lat' dir='ltr'>abductum,</span> <span class='ocrx_word' id='word_1_6' title='bbox 981 318 1091 358; x_wconf 90' lang='lat' dir='ltr'>pene</span> <span class='ocrx_word' id='word_1_7' title='bbox 1119 305 1304 346; x_wconf 90' lang='lat' dir='ltr'>animum</span> <span class='ocrx_word' id='word_1_8' title='bbox 1327 304 1568 359; x_wconf 88' lang='lat' dir='ltr'>desponde-</span> 
     </span>
     <span class='ocr_line' id='line_1_3' title="bbox 83 374 1568 429; baseline 0.001 -14"><span class='ocrx_word' id='word_1_9' title='bbox 83 387 196 424; x_wconf 88' lang='lat' dir='ltr'>ram;</span> <span class='ocrx_word' id='word_1_10' title='bbox 232 374 310 415; x_wconf 89' lang='lat' dir='ltr'>sed</span> <span class='ocrx_word' id='word_1_11' title='bbox 342 379 443 415; x_wconf 89' lang='lat' dir='ltr'>tuae</span> <span class='ocrx_word' id='word_1_12' title='bbox 476 374 626 415; x_wconf 89' lang='lat' dir='ltr'>literae</span> <span class='ocrx_word' id='word_1_13' title='bbox 662 374 762 415; x_wconf 92' lang='lat' dir='ltr'>mihi</span> <span class='ocrx_word' id='word_1_14' title='bbox 796 374 1061 415; x_wconf 85' lang='lat' dir='ltr'>difficultatis</span> <span class='ocrx_word' id='word_1_15' title='bbox 1096 375 1375 429; x_wconf 79' lang='lat' dir='ltr'>suspitionem</span> <span class='ocrx_word' id='word_1_16' title='bbox 1411 389 1568 429; x_wconf 88' lang='lat' dir='ltr'>magna</span> 
     </span>
     <span class='ocr_line' id='line_1_4' title="bbox 84 445 1568 499; baseline 0.001 -13"><span class='ocrx_word' id='word_1_17' title='bbox 84 451 205 499; x_wconf 89' lang='lat' dir='ltr'>parte</span> <span class='ocrx_word' id='word_1_18' title='bbox 239 450 531 495; x_wconf 79' lang='lat' dir='ltr'>exterserunt3</span> <span class='ocrx_word' id='word_1_19' title='bbox 567 458 696 498; x_wconf 88' lang='lat' dir='ltr'>quare</span> <span class='ocrx_word' id='word_1_20' title='bbox 729 445 811 486; x_wconf 95' lang='lat' dir='ltr'>hoc</span> <span class='ocrx_word' id='word_1_21' title='bbox 844 458 1033 498; x_wconf 79' lang='lat' dir='ltr'>agemus.</span> <span class='ocrx_word' id='word_1_22' title='bbox 1077 446 1365 487; x_wconf 86' lang='lat' dir='ltr'>Decreveram</span> <span class='ocrx_word' id='word_1_23' title='bbox 1398 447 1568 499; x_wconf 90' lang='lat' dir='ltr'>quidem</span> 
     </span>
     <span class='ocr_line' id='line_1_5' title="bbox 84 514 1566 569; baseline 0.001 -12"><span class='ocrx_word' id='word_1_24' title='bbox 84 515 140 557; x_wconf 88' lang='lat' dir='ltr'>ad</span> <span class='ocrx_word' id='word_1_25' title='bbox 161 515 427 565; x_wconf 82' lang='lat' dir='ltr'>Federicum,</span> <span class='ocrx_word' id='word_1_26' title='bbox 461 515 544 556; x_wconf 91' lang='lat' dir='ltr'>mei</span> <span class='ocrx_word' id='word_1_27' title='bbox 573 514 634 568; x_wconf 92' lang='lat' dir='ltr'>(ut</span> <span class='ocrx_word' id='word_1_28' title='bbox 656 528 736 568; x_wconf 91' lang='lat' dir='ltr'>ego</span> <span class='ocrx_word' id='word_1_29' title='bbox 757 520 859 569; x_wconf 91' lang='lat' dir='ltr'>puto</span> <span class='ocrx_word' id='word_1_30' title='bbox 884 522 926 556; x_wconf 88' lang='lat' dir='ltr'>et</span> <span class='ocrx_word' id='word_1_31' title='bbox 948 522 992 556; x_wconf 90' lang='lat' dir='ltr'>tu</span> <span class='ocrx_word' id='word_1_32' title='bbox 1017 514 1182 569; x_wconf 87' lang='lat' dir='ltr'>scribis)</span> <span class='ocrx_word' id='word_1_33' title='bbox 1218 517 1566 567; x_wconf 75' lang='lat' dir='ltr'>amantissimum,</span> 
     </span>
     <span class='ocr_line' id='line_1_6' title="bbox 85 586 1565 642; baseline 0.001 -15"><span class='ocrx_word' id='word_1_34' title='bbox 85 599 215 640; x_wconf 89' lang='lat' dir='ltr'>super</span> <span class='ocrx_word' id='word_1_35' title='bbox 247 600 299 627; x_wconf 90' lang='lat' dir='ltr'>ea</span> <span class='ocrx_word' id='word_1_36' title='bbox 330 599 375 627; x_wconf 91' lang='lat' dir='ltr'>re</span> <span class='ocrx_word' id='word_1_37' title='bbox 408 586 554 627; x_wconf 82' lang='lat' dir='ltr'>literas</span> <span class='ocrx_word' id='word_1_38' title='bbox 589 586 717 635; x_wconf 86' lang='lat' dir='ltr'>dare;</span> <span class='ocrx_word' id='word_1_39' title='bbox 764 586 934 638; x_wconf 90' lang='lat' dir='ltr'>quando</span> <span class='ocrx_word' id='word_1_40' title='bbox 968 593 1012 627; x_wconf 86' lang='lat' dir='ltr'>tu</span> <span class='ocrx_word' id='word_1_41' title='bbox 1046 587 1127 627; x_wconf 92' lang='lat' dir='ltr'>hoc</span> <span class='ocrx_word' id='word_1_42' title='bbox 1161 600 1245 627; x_wconf 91' lang='lat' dir='ltr'>non</span> <span class='ocrx_word' id='word_1_43' title='bbox 1280 588 1406 641; x_wconf 91' lang='lat' dir='ltr'>plane</span> <span class='ocrx_word' id='word_1_44' title='bbox 1441 589 1565 642; x_wconf 85' lang='lat' dir='ltr'>petis,</span> 
     </span>
     <span class='ocr_line' id='line_1_7' title="bbox 85 656 1568 711; baseline 0.001 -13"><span class='ocrx_word' id='word_1_45' title='bbox 85 657 162 698; x_wconf 91' lang='lat' dir='ltr'>sed</span> <span class='ocrx_word' id='word_1_46' title='bbox 194 657 336 698; x_wconf 90' lang='lat' dir='ltr'>furtim</span> <span class='ocrx_word' id='word_1_47' title='bbox 368 657 546 698; x_wconf 85' lang='lat' dir='ltr'>innuere</span> <span class='ocrx_word' id='word_1_48' title='bbox 591 657 807 698; x_wconf 85' lang='lat' dir='ltr'>videbare.</span> <span class='ocrx_word' id='word_1_49' title='bbox 854 657 982 709; x_wconf 81' lang='lat' dir='ltr'><strong>Atqui</strong></span> <span class='ocrx_word' id='word_1_50' title='bbox 1014 656 1138 698; x_wconf 88' lang='lat' dir='ltr'>video</span> <span class='ocrx_word' id='word_1_51' title='bbox 1171 671 1258 698; x_wconf 88' lang='lat' dir='ltr'>rem</span> <span class='ocrx_word' id='word_1_52' title='bbox 1301 672 1378 711; x_wconf 89' lang='lat' dir='ltr'>per</span> <span class='ocrx_word' id='word_1_53' title='bbox 1408 659 1568 705; x_wconf 78' lang='lat' dir='ltr'>literas,</span> 
     </span>
     <span class='ocr_line' id='line_1_8' title="bbox 83 727 1570 782; baseline 0.002 -14"><span class='ocrx_word' id='word_1_54' title='bbox 83 734 129 769; x_wconf 89' lang='lat' dir='ltr'>ut</span> <span class='ocrx_word' id='word_1_55' title='bbox 160 734 205 768; x_wconf 89' lang='lat' dir='ltr'>tu</span> <span class='ocrx_word' id='word_1_56' title='bbox 250 727 483 782; x_wconf 85' lang='lat' dir='ltr'>prudenter</span> <span class='ocrx_word' id='word_1_57' title='bbox 527 728 734 778; x_wconf 88' lang='lat' dir='ltr'>ariolaris,</span> <span class='ocrx_word' id='word_1_58' title='bbox 781 727 992 768; x_wconf 89' lang='lat' dir='ltr'>dificulter</span> <span class='ocrx_word' id='word_1_59' title='bbox 1037 728 1241 781; x_wconf 76' lang='lat' dir='ltr'>explicari</span> <span class='ocrx_word' id='word_1_60' title='bbox 1279 742 1422 782; x_wconf 87' lang='lat' dir='ltr'>posse,</span> <span class='ocrx_word' id='word_1_61' title='bbox 1456 738 1500 770; x_wconf 84' lang='lat' dir='ltr'>tu</span> <span class='ocrx_word' id='word_1_62' title='bbox 1534 731 1570 771; x_wconf 89' lang='lat' dir='ltr'>si</span> 
     </span>
     <span class='ocr_line' id='line_1_9' title="bbox 86 798 1569 852; baseline 0.001 -13"><span class='ocrx_word' id='word_1_63' title='bbox 86 811 170 851; x_wconf 90' lang='lat' dir='ltr'>qua</span> <span class='ocrx_word' id='word_1_64' title='bbox 216 812 317 852; x_wconf 90' lang='lat' dir='ltr'>spes</span> <span class='ocrx_word' id='word_1_65' title='bbox 363 804 568 851; x_wconf 85' lang='lat' dir='ltr'>quaestus</span> <span class='ocrx_word' id='word_1_66' title='bbox 605 798 757 849; x_wconf 75' lang='lat' dir='ltr'>arrisit,</span> <span class='ocrx_word' id='word_1_67' title='bbox 793 799 997 851; x_wconf 89' lang='lat' dir='ltr'>reliquum</span> <span class='ocrx_word' id='word_1_68' title='bbox 1035 799 1190 852; x_wconf 86' lang='lat' dir='ltr'>cogita.</span> <span class='ocrx_word' id='word_1_69' title='bbox 1239 800 1422 841; x_wconf 77' lang='lat' dir='ltr'>Proinde</span> <span class='ocrx_word' id='word_1_70' title='bbox 1468 801 1569 841; x_wconf 90' lang='lat' dir='ltr'>mihi</span> 
     </span>
     <span class='ocr_line' id='line_1_10' title="bbox 85 869 1569 923; baseline 0.003 -14"><span class='ocrx_word' id='word_1_71' title='bbox 85 883 110 909; x_wconf 92' lang='lat' dir='ltr'>a</span> <span class='ocrx_word' id='word_1_72' title='bbox 143 869 296 923; x_wconf 85' lang='lat' dir='ltr'>capite,</span> <span class='ocrx_word' id='word_1_73' title='bbox 340 869 383 910; x_wconf 95' lang='lat' dir='ltr'>id</span> <span class='ocrx_word' id='word_1_74' title='bbox 428 877 494 910; x_wconf 90' lang='lat' dir='ltr'>est</span> <span class='ocrx_word' id='word_1_75' title='bbox 527 883 552 910; x_wconf 92' lang='lat' dir='ltr'>a</span> <span class='ocrx_word' id='word_1_76' title='bbox 584 870 706 923; x_wconf 90' lang='lat' dir='ltr'>pueri</span> <span class='ocrx_word' id='word_1_77' title='bbox 738 877 891 923; x_wconf 90' lang='lat' dir='ltr'>patruo</span> <span class='ocrx_word' id='word_1_78' title='bbox 926 883 995 910; x_wconf 86' lang='lat' dir='ltr'>res</span> <span class='ocrx_word' id='word_1_79' title='bbox 1030 870 1196 911; x_wconf 85' lang='lat' dir='ltr'>videtur</span> <span class='ocrx_word' id='word_1_80' title='bbox 1238 871 1494 912; x_wconf 79' lang='lat' dir='ltr'>excutienda</span> <span class='ocrx_word' id='word_1_81' title='bbox 1528 880 1569 913; x_wconf 82' lang='lat' dir='ltr'>et</span> 
     </span>
     <span class='ocr_line' id='line_1_11' title="bbox 82 940 1569 994; baseline 0.002 -14"><span class='ocrx_word' id='word_1_82' title='bbox 82 940 331 981; x_wconf 80' lang='lat' dir='ltr'>retexenda.</span> <span class='ocrx_word' id='word_1_83' title='bbox 381 940 447 981; x_wconf 87' lang='lat' dir='ltr'>Tu</span> <span class='ocrx_word' id='word_1_84' title='bbox 478 940 643 981; x_wconf 89' lang='lat' dir='ltr'>interea</span> <span class='ocrx_word' id='word_1_85' title='bbox 675 940 777 992; x_wconf 92' lang='lat' dir='ltr'>quid</span> <span class='ocrx_word' id='word_1_86' title='bbox 809 946 975 993; x_wconf 81' lang='lat' dir='ltr'>agatur,</span> <span class='ocrx_word' id='word_1_87' title='bbox 1022 954 1047 981; x_wconf 86' lang='lat' dir='ltr'>a</span> <span class='ocrx_word' id='word_1_88' title='bbox 1080 954 1161 994; x_wconf 91' lang='lat' dir='ltr'>quo</span> <span class='ocrx_word' id='word_1_89' title='bbox 1195 942 1451 994; x_wconf 65' lang='lat' dir='ltr'>instituatur,</span> <span class='ocrx_word' id='word_1_90' title='bbox 1498 944 1569 984; x_wconf 87' lang='lat' dir='ltr'>ubi</span> 
     </span>
     <span class='ocr_line' id='line_1_12' title="bbox 85 1010 1568 1068; baseline 0.003 -17"><span class='ocrx_word' id='word_1_91' title='bbox 85 1011 300 1062; x_wconf 79' lang='lat' dir='ltr'>edocetur,</span> <span class='ocrx_word' id='word_1_92' title='bbox 334 1010 590 1065; x_wconf 81' lang='lat' dir='ltr'>locupletius</span> <span class='ocrx_word' id='word_1_93' title='bbox 624 1010 889 1052; x_wconf 87' lang='lat' dir='ltr'>admonebis.</span> <span class='ocrx_word' id='word_1_94' title='bbox 928 1012 1020 1065; x_wconf 88' lang='lat' dir='ltr'>Ego</span> <span class='ocrx_word' id='word_1_95' title='bbox 1055 1025 1107 1052; x_wconf 75' lang='lat' dir='ltr'>ex</span> <span class='ocrx_word' id='word_1_96' title='bbox 1139 1026 1183 1053; x_wconf 88' lang='lat' dir='ltr'>re</span> <span class='ocrx_word' id='word_1_97' title='bbox 1218 1020 1260 1053; x_wconf 90' lang='lat' dir='ltr'>et</span> <span class='ocrx_word' id='word_1_98' title='bbox 1293 1027 1345 1053; x_wconf 80' lang='lat' dir='ltr'>ex</span> <span class='ocrx_word' id='word_1_99' title='bbox 1378 1020 1568 1068; x_wconf 84' lang='lat' dir='ltr'>tempore</span> 
     </span>
     <span class='ocr_line' id='line_1_13' title="bbox 83 1082 1569 1137; baseline 0.003 -15"><span class='ocrx_word' id='word_1_100' title='bbox 83 1082 306 1123; x_wconf 88' lang='lat' dir='ltr'>consilium</span> <span class='ocrx_word' id='word_1_101' title='bbox 339 1089 507 1136; x_wconf 80' lang='lat' dir='ltr'>petam3</span> <span class='ocrx_word' id='word_1_102' title='bbox 553 1095 692 1135; x_wconf 89' lang='lat' dir='ltr'>neque</span> <span class='ocrx_word' id='word_1_103' title='bbox 727 1082 949 1135; x_wconf 89' lang='lat' dir='ltr'>quicquam</span> <span class='ocrx_word' id='word_1_104' title='bbox 998 1084 1334 1136; x_wconf 82' lang='lat' dir='ltr'>praetermittam</span> <span class='ocrx_word' id='word_1_105' title='bbox 1368 1085 1479 1137; x_wconf 92' lang='lat' dir='ltr'>quod</span> <span class='ocrx_word' id='word_1_106' title='bbox 1514 1086 1569 1126; x_wconf 87' lang='lat' dir='ltr'>ad</span> 
     </span>
     <span class='ocr_line' id='line_1_14' title="bbox 82 1153 1570 1207; baseline 0.002 -13"><span class='ocrx_word' id='word_1_107' title='bbox 82 1158 224 1194; x_wconf 88' lang='lat' dir='ltr'>votum</span> <span class='ocrx_word' id='word_1_108' title='bbox 258 1160 331 1193; x_wconf 89' lang='lat' dir='ltr'>aut</span> <span class='ocrx_word' id='word_1_109' title='bbox 354 1153 621 1194; x_wconf 90' lang='lat' dir='ltr'>commodum</span> <span class='ocrx_word' id='word_1_110' title='bbox 654 1161 770 1193; x_wconf 89' lang='lat' dir='ltr'>tuum</span> <span class='ocrx_word' id='word_1_111' title='bbox 794 1154 1007 1207; x_wconf 81' lang='lat' dir='ltr'>pertinere</span> <span class='ocrx_word' id='word_1_112' title='bbox 1032 1154 1256 1196; x_wconf 90' lang='lat' dir='ltr'>confidam.</span> <span class='ocrx_word' id='word_1_113' title='bbox 1291 1155 1357 1196; x_wconf 93' lang='lat' dir='ltr'>De</span> <span class='ocrx_word' id='word_1_114' title='bbox 1381 1156 1570 1198; x_wconf 87' lang='lat' dir='ltr'>adventu</span> 
     </span>
     <span class='ocr_line' id='line_1_15' title="bbox 84 1223 1568 1279; baseline 0.002 -15"><span class='ocrx_word' id='word_1_115' title='bbox 84 1237 178 1264; x_wconf 91' lang='lat' dir='ltr'>meo</span> <span class='ocrx_word' id='word_1_116' title='bbox 210 1223 253 1264; x_wconf 91' lang='lat' dir='ltr'>in</span> <span class='ocrx_word' id='word_1_117' title='bbox 274 1223 439 1264; x_wconf 89' lang='lat' dir='ltr'>Italiam</span> <span class='ocrx_word' id='word_1_118' title='bbox 463 1224 567 1264; x_wconf 90' lang='lat' dir='ltr'>nihil</span> <span class='ocrx_word' id='word_1_119' title='bbox 591 1224 730 1265; x_wconf 83' lang='lat' dir='ltr'>habeo</span> <span class='ocrx_word' id='word_1_120' title='bbox 754 1225 1064 1278; x_wconf 86' lang='lat' dir='ltr'>praescriptum</span> <span class='ocrx_word' id='word_1_121' title='bbox 1086 1225 1198 1278; x_wconf 90' lang='lat' dir='ltr'>quod</span> <span class='ocrx_word' id='word_1_122' title='bbox 1221 1226 1297 1267; x_wconf 89' lang='lat' dir='ltr'>tibi</span> <span class='ocrx_word' id='word_1_123' title='bbox 1321 1226 1568 1279; x_wconf 85' lang='lat' dir='ltr'>significem.</span> 
     </span>
     <span class='ocr_line' id='line_1_16' title="bbox 83 1294 1569 1350; baseline 0.003 -15"><span class='ocrx_word' id='word_1_124' title='bbox 83 1294 190 1336; x_wconf 91' lang='lat' dir='ltr'>Nam</span> <span class='ocrx_word' id='word_1_125' title='bbox 225 1295 323 1336; x_wconf 89' lang='lat' dir='ltr'>licet</span> <span class='ocrx_word' id='word_1_126' title='bbox 356 1308 436 1348; x_wconf 87' lang='lat' dir='ltr'>ego</span> <span class='ocrx_word' id='word_1_127' title='bbox 470 1295 651 1336; x_wconf 72' lang='lat' dir='ltr'>maxime</span> <span class='ocrx_word' id='word_1_128' title='bbox 684 1295 898 1347; x_wconf 88' lang='lat' dir='ltr'>festinem,</span> <span class='ocrx_word' id='word_1_129' title='bbox 938 1302 1082 1336; x_wconf 89' lang='lat' dir='ltr'>tamen</span> <span class='ocrx_word' id='word_1_130' title='bbox 1115 1296 1315 1350; x_wconf 88' lang='lat' dir='ltr'>princeps</span> <span class='ocrx_word' id='word_1_131' title='bbox 1348 1297 1417 1339; x_wconf 93' lang='lat' dir='ltr'>hic</span> <span class='ocrx_word' id='word_1_132' title='bbox 1450 1311 1569 1339; x_wconf 88' lang='lat' dir='ltr'>meus</span> 
     </span>
     <span class='ocr_line' id='line_1_17' title="bbox 82 1366 1569 1422; baseline 0.002 -16"><span class='ocrx_word' id='word_1_133' title='bbox 82 1379 195 1407; x_wconf 87' lang='lat' dir='ltr'>nunc</span> <span class='ocrx_word' id='word_1_134' title='bbox 238 1367 281 1406; x_wconf 94' lang='lat' dir='ltr'>in</span> <span class='ocrx_word' id='word_1_135' title='bbox 314 1366 446 1407; x_wconf 88' lang='lat' dir='ltr'>literis</span> <span class='ocrx_word' id='word_1_136' title='bbox 479 1379 612 1420; x_wconf 92' lang='lat' dir='ltr'>prope</span> <span class='ocrx_word' id='word_1_137' title='bbox 646 1366 812 1416; x_wconf 77' lang='lat' dir='ltr'>nimius,</span> <span class='ocrx_word' id='word_1_138' title='bbox 858 1380 924 1407; x_wconf 92' lang='lat' dir='ltr'>me</span> <span class='ocrx_word' id='word_1_139' title='bbox 959 1367 1114 1408; x_wconf 88' lang='lat' dir='ltr'>diutius</span> <span class='ocrx_word' id='word_1_140' title='bbox 1149 1375 1395 1419; x_wconf 81' lang='lat' dir='ltr'>remoratur,</span> <span class='ocrx_word' id='word_1_141' title='bbox 1443 1382 1569 1422; x_wconf 88' lang='lat' dir='ltr'>quam</span> 
     </span>
     <span class='ocr_line' id='line_1_18' title="bbox 83 1436 1568 1493; baseline 0.002 -16"><span class='ocrx_word' id='word_1_142' title='bbox 83 1436 221 1478; x_wconf 88' lang='lat' dir='ltr'>velim.</span> <span class='ocrx_word' id='word_1_143' title='bbox 272 1436 406 1491; x_wconf 85' lang='lat' dir='ltr'>Spero</span> <span class='ocrx_word' id='word_1_144' title='bbox 452 1443 594 1477; x_wconf 86' lang='lat' dir='ltr'>tamen</span> <span class='ocrx_word' id='word_1_145' title='bbox 641 1437 717 1478; x_wconf 88' lang='lat' dir='ltr'>Dis</span> <span class='ocrx_word' id='word_1_146' title='bbox 763 1437 1009 1478; x_wconf 75' lang='lat' dir='ltr'>faventibus</span> <span class='ocrx_word' id='word_1_147' title='bbox 1043 1446 1141 1479; x_wconf 88' lang='lat' dir='ltr'>ante</span> <span class='ocrx_word' id='word_1_148' title='bbox 1187 1439 1288 1479; x_wconf 86' lang='lat' dir='ltr'>Idus</span> <span class='ocrx_word' id='word_1_149' title='bbox 1325 1439 1493 1493; x_wconf 85' lang='lat' dir='ltr'>Apriles</span> <span class='ocrx_word' id='word_1_150' title='bbox 1526 1448 1568 1481; x_wconf 92' lang='lat' dir='ltr'>te</span> 
     </span>
     <span class='ocr_line' id='line_1_19' title="bbox 84 1508 1497 1564; baseline 0.002 -16"><span class='ocrx_word' id='word_1_151' title='bbox 84 1521 136 1549; x_wconf 90' lang='lat' dir='ltr'>ac</span> <span class='ocrx_word' id='word_1_152' title='bbox 169 1514 242 1549; x_wconf 89' lang='lat' dir='ltr'>tua</span> <span class='ocrx_word' id='word_1_153' title='bbox 276 1508 523 1549; x_wconf 89' lang='lat' dir='ltr'>dulcissima</span> <span class='ocrx_word' id='word_1_154' title='bbox 556 1508 865 1549; x_wconf 88' lang='lat' dir='ltr'>consuetudine</span> <span class='ocrx_word' id='word_1_155' title='bbox 899 1522 1028 1562; x_wconf 85' lang='lat' dir='ltr'>posse</span> <span class='ocrx_word' id='word_1_156' title='bbox 1062 1510 1221 1563; x_wconf 88' lang='lat' dir='ltr'>perfrui</span> <span class='ocrx_word' id='word_1_157' title='bbox 1248 1545 1254 1551; x_wconf 95' lang='lat'>.</span> <span class='ocrx_word' id='word_1_158' title='bbox 1282 1544 1321 1550; x_wconf 92' lang='lat'>..</span> <span class='ocrx_word' id='word_1_159' title='bbox 1356 1511 1497 1564; x_wconf 83' lang='lat' dir='ltr'>Agria.</span> 
     </span>
    </p>
   </div>
   <div class='ocr_carea' id='block_1_3' title="bbox 197 1624 1452 1680">
    <p class='ocr_par' dir='ltr' id='par_1_3' title="bbox 197 1624 1452 1680">
     <span class='ocr_line' id='line_1_20' title="bbox 197 1624 1452 1680; baseline 0.002 -12"><span class='ocrx_word' id='word_1_160' title='bbox 197 1640 237 1680; x_wconf 90' lang='lat' dir='ltr'>p.</span> <span class='ocrx_word' id='word_1_161' title='bbox 271 1624 340 1668; x_wconf 75' lang='lat'>97.</span> <span class='ocrx_word' id='word_1_162' title='bbox 392 1625 562 1667; x_wconf 63' lang='lat' dir='ltr'>Caelius</span> <span class='ocrx_word' id='word_1_163' title='bbox 600 1624 688 1667; x_wconf 70' lang='lat' dir='ltr'>Cal.</span> <span class='ocrx_word' id='word_1_164' title='bbox 723 1625 778 1666; x_wconf 80' lang='lat' dir='ltr'>R.</span> <span class='ocrx_word' id='word_1_165' title='bbox 813 1626 1023 1679; x_wconf 67' lang='lat' dir='ltr'>Episcopo</span> <span class='ocrx_word' id='word_1_166' title='bbox 1054 1627 1376 1670; x_wconf 64' lang='lat' dir='ltr'>Vuaradmensi</span> <span class='ocrx_word' id='word_1_167' title='bbox 1411 1627 1452 1670; x_wconf 84' lang='lat' dir='ltr'>S.</span> 
     </span>
    </p>
   </div>
   <div class='ocr_carea' id='block_1_4' title="bbox 81 1721 1571 2201">
    <p class='ocr_par' dir='ltr' id='par_1_4' title="bbox 81 1721 1571 2201">
     <span class='ocr_line' id='line_1_21' title="bbox 202 1721 1569 1776; baseline 0.003 -15"><span class='ocrx_word' id='word_1_168' title='bbox 202 1721 436 1774; x_wconf 89' lang='lat' dir='ltr'>Postquam</span> <span class='ocrx_word' id='word_1_169' title='bbox 470 1721 523 1762; x_wconf 89' lang='lat' dir='ltr'>ad</span> <span class='ocrx_word' id='word_1_170' title='bbox 557 1734 636 1762; x_wconf 89' lang='lat' dir='ltr'>nos</span> <span class='ocrx_word' id='word_1_171' title='bbox 657 1721 814 1761; x_wconf 91' lang='lat' dir='ltr'>allatus</span> <span class='ocrx_word' id='word_1_172' title='bbox 849 1727 914 1762; x_wconf 91' lang='lat' dir='ltr'>est</span> <span class='ocrx_word' id='word_1_173' title='bbox 938 1722 1109 1762; x_wconf 89' lang='lat' dir='ltr'>nuntius</span> <span class='ocrx_word' id='word_1_174' title='bbox 1132 1722 1184 1763; x_wconf 91' lang='lat' dir='ltr'>de</span> <span class='ocrx_word' id='word_1_175' title='bbox 1207 1723 1356 1764; x_wconf 77' lang='lat' dir='ltr'>illustr.</span> <span class='ocrx_word' id='word_1_176' title='bbox 1378 1724 1569 1776; x_wconf 88' lang='lat' dir='ltr'>parentis</span> 
     </span>
     <span class='ocr_line' id='line_1_22' title="bbox 82 1791 1569 1845; baseline 0.001 -12"><span class='ocrx_word' id='word_1_177' title='bbox 82 1792 144 1833; x_wconf 88' lang='lat' dir='ltr'>tui</span> <span class='ocrx_word' id='word_1_178' title='bbox 177 1792 307 1843; x_wconf 89' lang='lat' dir='ltr'>obitu,</span> <span class='ocrx_word' id='word_1_179' title='bbox 356 1792 471 1833; x_wconf 89' lang='lat' dir='ltr'>dolui</span> <span class='ocrx_word' id='word_1_180' title='bbox 504 1799 708 1844; x_wconf 90' lang='lat' dir='ltr'>quantum</span> <span class='ocrx_word' id='word_1_181' title='bbox 741 1805 819 1845; x_wconf 86' lang='lat' dir='ltr'>par</span> <span class='ocrx_word' id='word_1_182' title='bbox 850 1791 929 1832; x_wconf 84' lang='lat' dir='ltr'>fuit</span> <span class='ocrx_word' id='word_1_183' title='bbox 974 1792 1187 1834; x_wconf 91' lang='lat' dir='ltr'>hominem</span> <span class='ocrx_word' id='word_1_184' title='bbox 1220 1793 1295 1834; x_wconf 89' lang='lat' dir='ltr'>tibi</span> <span class='ocrx_word' id='word_1_185' title='bbox 1329 1793 1569 1835; x_wconf 89' lang='lat' dir='ltr'>addictissi-</span> 
     </span>
     <span class='ocr_line' id='line_1_23' title="bbox 83 1863 1569 1917; baseline 0.002 -13"><span class='ocrx_word' id='word_1_186' title='bbox 83 1877 196 1904; x_wconf 89' lang='lat' dir='ltr'>mum</span> <span class='ocrx_word' id='word_1_187' title='bbox 230 1863 388 1913; x_wconf 86' lang='lat' dir='ltr'>dolere‚</span> <span class='ocrx_word' id='word_1_188' title='bbox 423 1870 464 1903; x_wconf 90' lang='lat' dir='ltr'>et</span> <span class='ocrx_word' id='word_1_189' title='bbox 497 1876 661 1904; x_wconf 88' lang='grc'>1110011111</span> <span class='ocrx_word' id='word_1_190' title='bbox 694 1863 788 1916; x_wconf 90' lang='lat' dir='ltr'>ipse</span> <span class='ocrx_word' id='word_1_191' title='bbox 822 1863 1123 1917; x_wconf 81' lang='lat' dir='ltr'>excogitabam</span> <span class='ocrx_word' id='word_1_192' title='bbox 1163 1865 1374 1916; x_wconf 89' lang='lat' dir='ltr'>quomodo</span> <span class='ocrx_word' id='word_1_193' title='bbox 1407 1866 1450 1906; x_wconf 90' lang='lat' dir='ltr'>in</span> <span class='ocrx_word' id='word_1_194' title='bbox 1483 1872 1569 1907; x_wconf 88' lang='lat' dir='ltr'>tam</span> 
     </span>
     <span class='ocr_line' id='line_1_24' title="bbox 81 1934 1569 1988; baseline 0.002 -13"><span class='ocrx_word' id='word_1_195' title='bbox 81 1935 346 1988; x_wconf 87' lang='lat' dir='ltr'>insperatum</span> <span class='ocrx_word' id='word_1_196' title='bbox 390 1934 740 1988; x_wconf 86' lang='lat' dir='ltr'>inopinatumque</span> <span class='ocrx_word' id='word_1_197' title='bbox 790 1947 936 1975; x_wconf 88' lang='lat' dir='ltr'>casum</span> <span class='ocrx_word' id='word_1_198' title='bbox 982 1936 1318 1976; x_wconf 89' lang='lat' dir='ltr'>consolationem</span> <span class='ocrx_word' id='word_1_199' title='bbox 1362 1936 1569 1978; x_wconf 85' lang='lat' dir='ltr'>afferrem.</span> 
     </span>
     <span class='ocr_line' id='line_1_25' title="bbox 86 2005 1569 2059; baseline 0.001 -12"><span class='ocrx_word' id='word_1_200' title='bbox 86 2005 173 2047; x_wconf 86' lang='lat' dir='ltr'>Sed</span> <span class='ocrx_word' id='word_1_201' title='bbox 217 2018 344 2058; x_wconf 91' lang='lat' dir='ltr'>quom</span> <span class='ocrx_word' id='word_1_202' title='bbox 389 2012 505 2046; x_wconf 87' lang='lat' dir='ltr'>tuam</span> <span class='ocrx_word' id='word_1_203' title='bbox 538 2018 793 2058; x_wconf 85' lang='lat' dir='ltr'>praecocem</span> <span class='ocrx_word' id='word_1_204' title='bbox 826 2006 1083 2059; x_wconf 85' lang='lat' dir='ltr'>sapientiam</span> <span class='ocrx_word' id='word_1_205' title='bbox 1116 2019 1364 2059; x_wconf 82' lang='lat' dir='ltr'>agnoscam,</span> <span class='ocrx_word' id='word_1_206' title='bbox 1411 2009 1569 2050; x_wconf 89' lang='lat' dir='ltr'>veritus</span> 
     </span>
     <span class='ocr_line' id='line_1_26' title="bbox 84 2075 1571 2127; baseline 0.003 -11"><span class='ocrx_word' id='word_1_207' title='bbox 84 2089 176 2117; x_wconf 91' lang='lat' dir='ltr'>sum</span> <span class='ocrx_word' id='word_1_208' title='bbox 208 2089 262 2117; x_wconf 91' lang='lat' dir='ltr'>ne</span> <span class='ocrx_word' id='word_1_209' title='bbox 294 2076 337 2116; x_wconf 91' lang='lat' dir='ltr'>in</span> <span class='ocrx_word' id='word_1_210' title='bbox 369 2089 436 2117; x_wconf 89' lang='lat' dir='ltr'>me</span> <span class='ocrx_word' id='word_1_211' title='bbox 474 2083 596 2117; x_wconf 90' lang='lat' dir='ltr'>vetus</span> <span class='ocrx_word' id='word_1_212' title='bbox 641 2075 745 2117; x_wconf 92' lang='lat' dir='ltr'>illud</span> <span class='ocrx_word' id='word_1_213' title='bbox 783 2076 979 2127; x_wconf 88' lang='lat' dir='ltr'>iaciatur,</span> <span class='ocrx_word' id='word_1_214' title='bbox 1027 2090 1099 2118; x_wconf 90' lang='lat' dir='ltr'>sus</span> <span class='ocrx_word' id='word_1_215' title='bbox 1132 2077 1365 2119; x_wconf 84' lang='lat' dir='ltr'>Minervam</span> <span class='ocrx_word' id='word_1_216' title='bbox 1392 2113 1398 2119; x_wconf 93' lang='lat'><strong>.</strong></span> <span class='ocrx_word' id='word_1_217' title='bbox 1425 2113 1433 2120; x_wconf 93' lang='lat'><strong>.</strong></span> <span class='ocrx_word' id='word_1_218' title='bbox 1461 2114 1468 2120; x_wconf 93' lang='lat'><strong>.</strong></span> <span class='ocrx_word' id='word_1_219' title='bbox 1516 2079 1571 2120; x_wconf 95' lang='lat' dir='ltr'>Di</span> 
     </span>
     <span class='ocr_line' id='line_1_27' title="bbox 83 2147 1569 2201; baseline 0.002 -13"><span class='ocrx_word' id='word_1_220' title='bbox 83 2147 220 2188; x_wconf 87' lang='lat' dir='ltr'>faxint</span> <span class='ocrx_word' id='word_1_221' title='bbox 264 2153 309 2188; x_wconf 92' lang='lat' dir='ltr'>ut</span> <span class='ocrx_word' id='word_1_222' title='bbox 354 2154 408 2197; x_wconf 91' lang='lat' dir='ltr'>te,</span> <span class='ocrx_word' id='word_1_223' title='bbox 442 2147 485 2188; x_wconf 92' lang='lat' dir='ltr'>id</span> <span class='ocrx_word' id='word_1_224' title='bbox 519 2153 584 2188; x_wconf 91' lang='lat' dir='ltr'>est</span> <span class='ocrx_word' id='word_1_225' title='bbox 630 2147 834 2200; x_wconf 90' lang='lat' dir='ltr'>optimum</span> <span class='ocrx_word' id='word_1_226' title='bbox 875 2161 925 2189; x_wconf 89' lang='lat' dir='ltr'>ac</span> <span class='ocrx_word' id='word_1_227' title='bbox 973 2148 1265 2190; x_wconf 86' lang='lat' dir='ltr'>doctissimum</span> <span class='ocrx_word' id='word_1_228' title='bbox 1311 2150 1569 2201; x_wconf 85' lang='lat' dir='ltr'>Antistitem,</span> 
     </span>
    </p>
   </div>
   <div class='ocr_carea' id='block_1_5' title="bbox 83 2217 1572 2343">
    <p class='ocr_par' dir='ltr' id='par_1_5' title="bbox 83 2217 1572 2343">
     <span class='ocr_line' id='line_1_28' title="bbox 83 2217 1572 2272; baseline 0.003 -14"><span class='ocrx_word' id='word_1_229' title='bbox 83 2223 314 2271; x_wconf 88' lang='lat' dir='ltr'>antequam</span> <span class='ocrx_word' id='word_1_230' title='bbox 345 2218 389 2259; x_wconf 91' lang='lat' dir='ltr'>in</span> <span class='ocrx_word' id='word_1_231' title='bbox 420 2217 585 2259; x_wconf 89' lang='lat' dir='ltr'>Italiam</span> <span class='ocrx_word' id='word_1_232' title='bbox 618 2224 820 2269; x_wconf 86' lang='lat' dir='ltr'>revertar,</span> <span class='ocrx_word' id='word_1_233' title='bbox 856 2219 1092 2272; x_wconf 77' lang='lat' dir='ltr'>amplexari</span> <span class='ocrx_word' id='word_1_234' title='bbox 1126 2226 1167 2260; x_wconf 90' lang='lat' dir='ltr'>et</span> <span class='ocrx_word' id='word_1_235' title='bbox 1200 2234 1341 2262; x_wconf 87' lang='lat' dir='ltr'>coram</span> <span class='ocrx_word' id='word_1_236' title='bbox 1375 2222 1572 2263; x_wconf 77' lang='lat' dir='ltr'>venerari</span> 
     </span>
     <span class='ocr_line' id='line_1_29' title="bbox 84 2289 950 2343; baseline 0.001 -13"><span class='ocrx_word' id='word_1_237' title='bbox 84 2289 244 2343; x_wconf 89' lang='lat' dir='ltr'>possim</span> <span class='ocrx_word' id='word_1_238' title='bbox 270 2324 277 2331; x_wconf 87' lang='lat'><strong>.</strong></span> <span class='ocrx_word' id='word_1_239' title='bbox 304 2322 312 2329; x_wconf 90' lang='lat'><strong>.</strong></span> <span class='ocrx_word' id='word_1_240' title='bbox 339 2323 347 2330; x_wconf 86' lang='lat'><strong>.</strong></span> <span class='ocrx_word' id='word_1_241' title='bbox 383 2289 485 2331; x_wconf 85' lang='lat' dir='ltr'>Feb.</span> <span class='ocrx_word' id='word_1_242' title='bbox 520 2289 573 2330; x_wconf 88' lang='lat' dir='ltr'>M.</span> <span class='ocrx_word' id='word_1_243' title='bbox 590 2289 640 2329; x_wconf 92' lang='lat' dir='ltr'>D.</span> <span class='ocrx_word' id='word_1_244' title='bbox 657 2290 773 2331; x_wconf 89' lang='lat' dir='ltr'>XIX.</span> <span class='ocrx_word' id='word_1_245' title='bbox 808 2290 950 2343; x_wconf 89' lang='lat' dir='ltr'>Agria.</span> 
     </span>
    </p>
   </div>
   <div class='ocr_carea' id='block_1_6' title="bbox 83 2406 1569 2462">
    <p class='ocr_par' dir='ltr' id='par_1_6' title="bbox 83 2406 1569 2462">
     <span class='ocr_line' id='line_1_30' title="bbox 83 2406 1569 2462; baseline 0.003 -14"><span class='ocrx_word' id='word_1_246' title='bbox 83 2421 125 2461; x_wconf 92' lang='lat' dir='ltr'>p.</span> <span class='ocrx_word' id='word_1_247' title='bbox 152 2406 247 2450; x_wconf 82' lang='lat'>100.</span> <span class='ocrx_word' id='word_1_248' title='bbox 292 2407 458 2448; x_wconf 64' lang='lat' dir='ltr'>Caelius</span> <span class='ocrx_word' id='word_1_249' title='bbox 494 2406 581 2449; x_wconf 80' lang='lat' dir='ltr'>Cal.</span> <span class='ocrx_word' id='word_1_250' title='bbox 606 2407 660 2449; x_wconf 80' lang='lat' dir='ltr'>R.</span> <span class='ocrx_word' id='word_1_251' title='bbox 692 2407 898 2449; x_wconf 66' lang='lat' dir='ltr'>Ladislao</span> <span class='ocrx_word' id='word_1_252' title='bbox 932 2408 1141 2462; x_wconf 66' lang='lat' dir='ltr'>Episcopo</span> <span class='ocrx_word' id='word_1_253' title='bbox 1172 2409 1496 2452; x_wconf 65' lang='lat' dir='ltr'>Vratz&#39;slavz‘ensi</span> <span class='ocrx_word' id='word_1_254' title='bbox 1525 2410 1569 2452; x_wconf 81' lang='lat' dir='ltr'>S.</span> 
     </span>
    </p>
   </div>
   <div class='ocr_carea' id='block_1_7' title="bbox 84 2503 1571 2983">
    <p class='ocr_par' dir='ltr' id='par_1_7' title="bbox 84 2503 1571 2983">
     <span class='ocr_line' id='line_1_31' title="bbox 202 2503 1570 2559; baseline 0.002 -15"><span class='ocrx_word' id='word_1_255' title='bbox 202 2503 342 2545; x_wconf 89' lang='lat' dir='ltr'>Licuit</span> <span class='ocrx_word' id='word_1_256' title='bbox 373 2503 449 2544; x_wconf 92' lang='lat' dir='ltr'>tibi</span> <span class='ocrx_word' id='word_1_257' title='bbox 482 2503 665 2556; x_wconf 91' lang='lat' dir='ltr'>quidem,</span> <span class='ocrx_word' id='word_1_258' title='bbox 699 2503 891 2544; x_wconf 87' lang='lat' dir='ltr'>Antistes</span> <span class='ocrx_word' id='word_1_259' title='bbox 915 2504 1263 2553; x_wconf 77' lang='lat' dir='ltr'>eminentissime,</span> <span class='ocrx_word' id='word_1_260' title='bbox 1297 2512 1570 2559; x_wconf 85' lang='lat' dir='ltr'>praevertere</span> 
     </span>
     <span class='ocr_line' id='line_1_32' title="bbox 84 2573 1571 2628; baseline 0.001 -13"><span class='ocrx_word' id='word_1_261' title='bbox 84 2573 272 2616; x_wconf 88' lang='lat' dir='ltr'>officium</span> <span class='ocrx_word' id='word_1_262' title='bbox 318 2587 472 2626; x_wconf 91' lang='lat' dir='ltr'>meum,</span> <span class='ocrx_word' id='word_1_263' title='bbox 519 2588 602 2615; x_wconf 91' lang='lat' dir='ltr'>non</span> <span class='ocrx_word' id='word_1_264' title='bbox 637 2574 774 2615; x_wconf 90' lang='lat' dir='ltr'>dicam</span> <span class='ocrx_word' id='word_1_265' title='bbox 820 2575 1142 2628; x_wconf 87' lang='lat' dir='ltr'>incomparabili</span> <span class='ocrx_word' id='word_1_266' title='bbox 1173 2576 1257 2616; x_wconf 85' lang='lat' dir='ltr'>ista</span> <span class='ocrx_word' id='word_1_267' title='bbox 1295 2576 1486 2617; x_wconf 90' lang='lat' dir='ltr'>bonitate</span> <span class='ocrx_word' id='word_1_268' title='bbox 1520 2590 1571 2618; x_wconf 89' lang='grc'>30</span> 
     </span>
     <span class='ocr_line' id='line_1_33' title="bbox 84 2644 1569 2699; baseline 0.001 -13"><span class='ocrx_word' id='word_1_269' title='bbox 84 2644 365 2698; x_wconf 85' lang='lat' dir='ltr'>benignitate,</span> <span class='ocrx_word' id='word_1_270' title='bbox 400 2658 509 2698; x_wconf 88' lang='lat' dir='ltr'>quae</span> <span class='ocrx_word' id='word_1_271' title='bbox 543 2651 584 2686; x_wconf 91' lang='lat' dir='ltr'>te</span> <span class='ocrx_word' id='word_1_272' title='bbox 612 2645 775 2699; x_wconf 89' lang='lat' dir='ltr'>pridem</span> <span class='ocrx_word' id='word_1_273' title='bbox 810 2645 923 2699; x_wconf 89' lang='lat' dir='ltr'>apud</span> <span class='ocrx_word' id='word_1_274' title='bbox 947 2646 1110 2687; x_wconf 89' lang='lat' dir='ltr'>omneis</span> <span class='ocrx_word' id='word_1_275' title='bbox 1135 2647 1349 2688; x_wconf 87' lang='lat' dir='ltr'>celebrem</span> <span class='ocrx_word' id='word_1_276' title='bbox 1371 2647 1569 2698; x_wconf 87' lang='lat' dir='ltr'>reddidit,</span> 
     </span>
     <span class='ocr_line' id='line_1_34' title="bbox 86 2715 1568 2772; baseline 0.003 -16"><span class='ocrx_word' id='word_1_277' title='bbox 86 2715 163 2756; x_wconf 90' lang='lat' dir='ltr'>sed</span> <span class='ocrx_word' id='word_1_278' title='bbox 194 2716 397 2757; x_wconf 89' lang='lat' dir='ltr'>bonitatis</span> <span class='ocrx_word' id='word_1_279' title='bbox 421 2730 472 2758; x_wconf 89' lang='lat' dir='ltr'>ac</span> <span class='ocrx_word' id='word_1_280' title='bbox 498 2716 777 2770; x_wconf 88' lang='lat' dir='ltr'>benignitatis</span> <span class='ocrx_word' id='word_1_281' title='bbox 811 2717 952 2770; x_wconf 89' lang='lat' dir='ltr'>potius</span> <span class='ocrx_word' id='word_1_282' title='bbox 976 2716 1196 2759; x_wconf 89' lang='lat' dir='ltr'>felicitate.</span> <span class='ocrx_word' id='word_1_283' title='bbox 1233 2718 1342 2759; x_wconf 88' lang='lat' dir='ltr'>Nam</span> <span class='ocrx_word' id='word_1_284' title='bbox 1364 2718 1463 2759; x_wconf 88' lang='lat' dir='ltr'>dum</span> <span class='ocrx_word' id='word_1_285' title='bbox 1488 2732 1568 2772; x_wconf 85' lang='lat' dir='ltr'>ego</span> 
     </span>
     <span class='ocr_line' id='line_1_35' title="bbox 85 2788 1569 2843; baseline 0.002 -16"><span class='ocrx_word' id='word_1_286' title='bbox 85 2799 273 2827; x_wconf 87' lang='lat' dir='ltr'>summas</span> <span class='ocrx_word' id='word_1_287' title='bbox 306 2788 611 2841; x_wconf 88' lang='lat' dir='ltr'>occupationes</span> <span class='ocrx_word' id='word_1_288' title='bbox 657 2794 754 2829; x_wconf 88' lang='lat' dir='ltr'>tuas</span> <span class='ocrx_word' id='word_1_289' title='bbox 786 2801 948 2837; x_wconf 87' lang='lat' dir='ltr'>vereor,</span> <span class='ocrx_word' id='word_1_290' title='bbox 995 2788 1092 2829; x_wconf 89' lang='lat' dir='ltr'>dum</span> <span class='ocrx_word' id='word_1_291' title='bbox 1125 2802 1277 2830; x_wconf 89' lang='lat' dir='ltr'>recuso</span> <span class='ocrx_word' id='word_1_292' title='bbox 1317 2789 1569 2843; x_wconf 90' lang='lat' dir='ltr'>obstrepere</span> 
     </span>
     <span class='ocr_line' id='line_1_36' title="bbox 85 2858 1570 2913; baseline 0.003 -16"><span class='ocrx_word' id='word_1_293' title='bbox 85 2870 243 2910; x_wconf 88' lang='lat' dir='ltr'>magna</span> <span class='ocrx_word' id='word_1_294' title='bbox 276 2863 318 2898; x_wconf 89' lang='lat' dir='ltr'>et</span> <span class='ocrx_word' id='word_1_295' title='bbox 336 2858 470 2899; x_wconf 89' lang='lat' dir='ltr'>ardua</span> <span class='ocrx_word' id='word_1_296' title='bbox 502 2859 705 2910; x_wconf 89' lang='lat' dir='ltr'>molienti,</span> <span class='ocrx_word' id='word_1_297' title='bbox 739 2865 866 2911; x_wconf 88' lang='lat' dir='ltr'>atque</span> <span class='ocrx_word' id='word_1_298' title='bbox 900 2860 1066 2900; x_wconf 84' lang='lat' dir='ltr'>interea</span> <span class='ocrx_word' id='word_1_299' title='bbox 1087 2860 1218 2901; x_wconf 89' lang='lat' dir='ltr'>libros</span> <span class='ocrx_word' id='word_1_300' title='bbox 1244 2859 1451 2913; x_wconf 88' lang='lat' dir='ltr'>quosdam</span> <span class='ocrx_word' id='word_1_301' title='bbox 1476 2874 1570 2901; x_wconf 92' lang='lat' dir='ltr'>cum</span> 
     </span>
     <span class='ocr_line' id='line_1_37' title="bbox 85 2926 1570 2983; baseline 0.003 -16"><span class='ocrx_word' id='word_1_302' title='bbox 85 2926 212 2969; x_wconf 87' lang='lat' dir='ltr'>tineis</span> <span class='ocrx_word' id='word_1_303' title='bbox 237 2934 279 2970; x_wconf 92' lang='lat' dir='ltr'>et</span> <span class='ocrx_word' id='word_1_304' title='bbox 298 2929 445 2971; x_wconf 89' lang='lat' dir='ltr'>blattis</span> <span class='ocrx_word' id='word_1_305' title='bbox 477 2930 667 2971; x_wconf 79' lang='lat' dir='ltr'>rixantes</span> <span class='ocrx_word' id='word_1_306' title='bbox 688 2930 730 2970; x_wconf 90' lang='lat' dir='ltr'>in</span> <span class='ocrx_word' id='word_1_307' title='bbox 754 2930 1023 2971; x_wconf 88' lang='lat' dir='ltr'>Bibliotheca</span> <span class='ocrx_word' id='word_1_308' title='bbox 1044 2931 1163 2983; x_wconf 85' lang='lat' dir='ltr'>regia</span> <span class='ocrx_word' id='word_1_309' title='bbox 1187 2931 1356 2972; x_wconf 75' lang='lat' dir='ltr'>excutio</span> <span class='ocrx_word' id='word_1_310' title='bbox 1381 2944 1481 2972; x_wconf 88' lang='lat' dir='ltr'>ecce</span> <span class='ocrx_word' id='word_1_311' title='bbox 1503 2965 1509 2971; x_wconf 90' lang='lat'><em>.</em></span> <span class='ocrx_word' id='word_1_312' title='bbox 1531 2965 1538 2973; x_wconf 89' lang='lat'><strong>.</strong></span> <span class='ocrx_word' id='word_1_313' title='bbox 1562 2966 1570 2973; x_wconf 89' lang='lat'><strong>.</strong></span> 
     </span>
    </p>
   </div>
  </div>
 </body>
</html>
