<?xml version="1.0" encoding="UTF-8"?>
<!DOCTYPE html PUBLIC "-//W3C//DTD XHTML 1.0 Transitional//EN"
    "http://www.w3.org/TR/xhtml1/DTD/xhtml1-transitional.dtd">
<html xmlns="http://www.w3.org/1999/xhtml" xml:lang="en" lang="en">
 <head>
  <title>
</title>
<meta http-equiv="Content-Type" content="text/html;charset=utf-8" />
  <meta name='ocr-system' content='tesseract 3.04.00' />
  <meta name='ocr-capabilities' content='ocr_page ocr_carea ocr_par ocr_line ocrx_word'/>
</head>
<body>
  <div class='ocr_page' id='page_1' title='image "analectanovaadhi00beuoft_0431.png"; bbox 0 0 1919 3273; ppageno 0'>
   <div class='ocr_carea' id='block_1_1' title="bbox 1507 102 1577 138">
    <p class='ocr_par' dir='ltr' id='par_1_1' title="bbox 1507 102 1577 138">
     <span class='ocr_line' id='line_1_1' title="bbox 1507 102 1577 138; baseline -0.014 0"><span class='ocrx_word' id='word_1_1' title='bbox 1507 102 1577 138; x_wconf 83' lang='grc'>389</span> 
     </span>
    </p>
   </div>
   <div class='ocr_carea' id='block_1_2' title="bbox 97 280 1582 547">
    <p class='ocr_par' dir='ltr' id='par_1_2' title="bbox 97 280 1582 465">
     <span class='ocr_line' id='line_1_2' title="bbox 97 280 1578 337; baseline 0.001 -15"><span class='ocrx_word' id='word_1_2' title='bbox 97 280 169 322; x_wconf 84' lang='lat' dir='ltr'>Ad</span> <span class='ocrx_word' id='word_1_3' title='bbox 200 282 380 323; x_wconf 76' lang='lat' dir='ltr'>eundem</span> <span class='ocrx_word' id='word_1_4' title='bbox 412 280 626 323; x_wconf 70' lang='lat' dir='ltr'><em>illustriss.</em></span> <span class='ocrx_word' id='word_1_5' title='bbox 672 280 901 336; x_wconf 62' lang='lat' dir='ltr'>Hunyartrg</span> <span class='ocrx_word' id='word_1_6' title='bbox 938 281 1221 335; x_wconf 57' lang='lat' dir='ltr'>Bohemifgque</span> <span class='ocrx_word' id='word_1_7' title='bbox 1251 281 1409 337; x_wconf 72' lang='lat' dir='ltr'>Reyem</span> <span class='ocrx_word' id='word_1_8' title='bbox 1450 282 1578 324; x_wconf 60' lang='lat' dir='ltr'>Vala-</span> 
     </span>
     <span class='ocr_line' id='line_1_3' title="bbox 100 351 1582 407; baseline 0.001 -14"><span class='ocrx_word' id='word_1_9' title='bbox 100 351 298 403; x_wconf 59' lang='lat' dir='ltr'>didacum,</span> <span class='ocrx_word' id='word_1_10' title='bbox 345 366 468 405; x_wconf 78' lang='lat' dir='ltr'>quem</span> <span class='ocrx_word' id='word_1_11' title='bbox 500 356 628 406; x_wconf 74' lang='lat' dir='ltr'>poeta</span> <span class='ocrx_word' id='word_1_12' title='bbox 669 366 824 394; x_wconf 73' lang='lat' dir='ltr'>nomen</span> <span class='ocrx_word' id='word_1_13' title='bbox 868 352 919 393; x_wconf 77' lang='lat' dir='ltr'>ab</span> <span class='ocrx_word' id='word_1_14' title='bbox 964 353 1254 407; x_wconf 78' lang='lat' dir='ltr'>arctophylace</span> <span class='ocrx_word' id='word_1_15' title='bbox 1299 353 1421 395; x_wconf 72' lang='lat' dir='ltr'>veloci</span> <span class='ocrx_word' id='word_1_16' title='bbox 1459 354 1582 395; x_wconf 76' lang='lat' dir='ltr'>stella</span> 
     </span>
     <span class='ocr_line' id='line_1_4' title="bbox 603 422 1079 465; baseline 0 -1"><span class='ocrx_word' id='word_1_17' title='bbox 603 422 802 465; x_wconf 60' lang='lat' dir='ltr'>habuisse</span> <span class='ocrx_word' id='word_1_18' title='bbox 833 422 1079 465; x_wconf 71' lang='lat' dir='ltr'><em>arbitratur.</em></span> 
     </span>
    </p>

    <p class='ocr_par' dir='ltr' id='par_1_3' title="bbox 777 504 904 547">
     <span class='ocr_line' id='line_1_5' title="bbox 777 504 904 547; baseline 0.008 -10"><span class='ocrx_word' id='word_1_19' title='bbox 777 504 904 547; x_wconf 72' lang='grc' dir='ltr'>(Ζόιᾱ.)</span> 
     </span>
    </p>
   </div>
   <div class='ocr_carea' id='block_1_3' title="bbox 143 599 1421 1580">
    <p class='ocr_par' dir='ltr' id='par_1_4' title="bbox 143 599 1421 1580">
     <span class='ocr_line' id='line_1_6' title="bbox 245 599 1290 656; baseline 0.001 -14"><span class='ocrx_word' id='word_1_20' title='bbox 245 601 522 655; x_wconf 84' lang='lat' dir='ltr'>Arctophilax</span> <span class='ocrx_word' id='word_1_21' title='bbox 553 600 687 641; x_wconf 89' lang='lat' dir='ltr'>nitido</span> <span class='ocrx_word' id='word_1_22' title='bbox 721 599 892 641; x_wconf 78' lang='lat' dir='ltr'>demisit</span> <span class='ocrx_word' id='word_1_23' title='bbox 922 614 1078 642; x_wconf 88' lang='lat' dir='ltr'>nomen</span> <span class='ocrx_word' id='word_1_24' title='bbox 1111 600 1290 656; x_wconf 82' lang='lat' dir='ltr'>Olympo</span> 
     </span>
     <span class='ocr_line' id='line_1_7' title="bbox 301 670 1337 725; baseline 0.003 -13"><span class='ocrx_word' id='word_1_25' title='bbox 301 672 355 712; x_wconf 89' lang='lat' dir='ltr'>Et</span> <span class='ocrx_word' id='word_1_26' title='bbox 388 671 505 713; x_wconf 81' lang='lat' dir='ltr'>dedit</span> <span class='ocrx_word' id='word_1_27' title='bbox 538 671 714 725; x_wconf 84' lang='lat' dir='ltr'>egregio</span> <span class='ocrx_word' id='word_1_28' title='bbox 748 671 861 724; x_wconf 90' lang='lat' dir='ltr'>quod</span> <span class='ocrx_word' id='word_1_29' title='bbox 894 672 993 712; x_wconf 90' lang='lat' dir='ltr'>setit</span> <span class='ocrx_word' id='word_1_30' title='bbox 1015 670 1059 725; x_wconf 84' lang='lat'>(1)</span> <span class='ocrx_word' id='word_1_31' title='bbox 1093 679 1192 714; x_wconf 87' lang='lat' dir='ltr'>ante</span> <span class='ocrx_word' id='word_1_32' title='bbox 1227 673 1337 715; x_wconf 89' lang='lat' dir='ltr'>duci.</span> 
     </span>
     <span class='ocr_line' id='line_1_8' title="bbox 244 742 1302 797; baseline 0.003 -14"><span class='ocrx_word' id='word_1_33' title='bbox 244 743 335 784; x_wconf 87' lang='lat' dir='ltr'>Hoc</span> <span class='ocrx_word' id='word_1_34' title='bbox 367 742 450 783; x_wconf 90' lang='lat' dir='ltr'>nisi</span> <span class='ocrx_word' id='word_1_35' title='bbox 481 742 697 797; x_wconf 80' lang='lat' dir='ltr'>portendit</span> <span class='ocrx_word' id='word_1_36' title='bbox 730 743 861 784; x_wconf 89' lang='lat' dir='ltr'>multo</span> <span class='ocrx_word' id='word_1_37' title='bbox 893 743 1148 797; x_wconf 83' lang='lat' dir='ltr'>regnaberis</span> <span class='ocrx_word' id='word_1_38' title='bbox 1181 757 1302 794; x_wconf 72' lang='lat' dir='ltr'>aevo,</span> 
     </span>
     <span class='ocr_line' id='line_1_9' title="bbox 304 813 1239 868; baseline 0.001 -13"><span class='ocrx_word' id='word_1_39' title='bbox 304 813 409 855; x_wconf 86' lang='lat' dir='ltr'>Cum</span> <span class='ocrx_word' id='word_1_40' title='bbox 442 813 618 867; x_wconf 73' lang='lat' dir='ltr'>patruis,</span> <span class='ocrx_word' id='word_1_41' title='bbox 654 814 793 855; x_wconf 87' lang='lat' dir='ltr'>atavis</span> <span class='ocrx_word' id='word_1_42' title='bbox 826 819 868 854; x_wconf 90' lang='lat' dir='ltr'>et</span> <span class='ocrx_word' id='word_1_43' title='bbox 902 814 1070 855; x_wconf 90' lang='lat' dir='ltr'>seniore</span> <span class='ocrx_word' id='word_1_44' title='bbox 1104 820 1239 868; x_wconf 86' lang='lat' dir='ltr'>patre.</span> 
     </span>
     <span class='ocr_line' id='line_1_10' title="bbox 168 884 1337 937; baseline -0.001 -9"><span class='ocrx_word' id='word_1_45' title='bbox 168 895 187 928; x_wconf 91' lang='lat'>5</span> <span class='ocrx_word' id='word_1_46' title='bbox 242 884 366 925; x_wconf 88' lang='lat' dir='ltr'>Hunc</span> <span class='ocrx_word' id='word_1_47' title='bbox 397 897 544 937; x_wconf 85' lang='lat' dir='ltr'>regem</span> <span class='ocrx_word' id='word_1_48' title='bbox 578 884 710 925; x_wconf 87' lang='lat' dir='ltr'>virtus</span> <span class='ocrx_word' id='word_1_49' title='bbox 744 885 917 926; x_wconf 85' lang='lat' dir='ltr'>celestis</span> <span class='ocrx_word' id='word_1_50' title='bbox 950 885 1005 926; x_wconf 87' lang='lat' dir='ltr'>ad</span> <span class='ocrx_word' id='word_1_51' title='bbox 1039 885 1189 927; x_wconf 87' lang='lat' dir='ltr'>efferet</span> <span class='ocrx_word' id='word_1_52' title='bbox 1221 893 1337 927; x_wconf 86' lang='lat' dir='ltr'>astra</span> 
     </span>
     <span class='ocr_line' id='line_1_11' title="bbox 304 954 1322 1008; baseline 0.004 -13"><span class='ocrx_word' id='word_1_53' title='bbox 304 954 687 1008; x_wconf 85' lang='lat' dir='ltr'>Transcendetque</span> <span class='ocrx_word' id='word_1_54' title='bbox 722 968 822 996; x_wconf 91' lang='lat' dir='ltr'>suos</span> <span class='ocrx_word' id='word_1_55' title='bbox 854 955 998 996; x_wconf 91' lang='lat' dir='ltr'>indole</span> <span class='ocrx_word' id='word_1_56' title='bbox 1031 956 1170 997; x_wconf 87' lang='lat' dir='ltr'>clarus</span> <span class='ocrx_word' id='word_1_57' title='bbox 1205 970 1322 999; x_wconf 75' lang='lat' dir='ltr'>avos</span> 
     </span>
     <span class='ocr_line' id='line_1_12' title="bbox 242 1026 1421 1081; baseline 0.002 -14"><span class='ocrx_word' id='word_1_58' title='bbox 242 1027 296 1068; x_wconf 87' lang='lat' dir='ltr'>Et</span> <span class='ocrx_word' id='word_1_59' title='bbox 327 1027 462 1080; x_wconf 81' lang='lat' dir='ltr'>patris</span> <span class='ocrx_word' id='word_1_60' title='bbox 495 1026 609 1067; x_wconf 81' lang='lat' dir='ltr'>huno</span> <span class='ocrx_word' id='word_1_61' title='bbox 639 1027 759 1067; x_wconf 83' lang='lat' dir='ltr'>iuxta</span> <span class='ocrx_word' id='word_1_62' title='bbox 789 1026 1019 1068; x_wconf 86' lang='lat' dir='ltr'>radiabunt</span> <span class='ocrx_word' id='word_1_63' title='bbox 1047 1033 1241 1081; x_wconf 88' lang='lat' dir='ltr'>tempora</span> <span class='ocrx_word' id='word_1_64' title='bbox 1262 1035 1421 1080; x_wconf 83' lang='lat' dir='ltr'>natum,</span> 
     </span>
     <span class='ocr_line' id='line_1_13' title="bbox 305 1097 1349 1153; baseline 0.002 -15"><span class='ocrx_word' id='word_1_65' title='bbox 305 1097 543 1151; x_wconf 83' lang='lat' dir='ltr'>Sumpserit</span> <span class='ocrx_word' id='word_1_66' title='bbox 575 1104 621 1138; x_wconf 90' lang='lat' dir='ltr'>ut</span> <span class='ocrx_word' id='word_1_67' title='bbox 653 1098 773 1139; x_wconf 92' lang='lat' dir='ltr'>coelo</span> <span class='ocrx_word' id='word_1_68' title='bbox 806 1097 931 1138; x_wconf 83' lang='lat' dir='ltr'>tarda</span> <span class='ocrx_word' id='word_1_69' title='bbox 963 1104 1140 1140; x_wconf 76' lang='lat' dir='ltr'>senecta</span> <span class='ocrx_word' id='word_1_70' title='bbox 1171 1105 1349 1153; x_wconf 89' lang='lat' dir='ltr'>patrem.</span> 
     </span>
     <span class='ocr_line' id='line_1_14' title="bbox 242 1168 1331 1223; baseline 0.002 -14"><span class='ocrx_word' id='word_1_71' title='bbox 242 1169 524 1221; x_wconf 87' lang='lat' dir='ltr'>Foelicesque</span> <span class='ocrx_word' id='word_1_72' title='bbox 558 1181 634 1210; x_wconf 87' lang='lat' dir='ltr'>vos</span> <span class='ocrx_word' id='word_1_73' title='bbox 667 1169 876 1222; x_wconf 84' lang='lat' dir='ltr'>genuistis</span> <span class='ocrx_word' id='word_1_74' title='bbox 908 1169 952 1210; x_wconf 88' lang='lat' dir='ltr'>in</span> <span class='ocrx_word' id='word_1_75' title='bbox 985 1168 1085 1210; x_wconf 92' lang='lat' dir='ltr'>orbe</span> <span class='ocrx_word' id='word_1_76' title='bbox 1116 1177 1331 1223; x_wconf 74' lang='lat' dir='ltr'>parentes,</span> 
     </span>
     <span class='ocr_line' id='line_1_15' title="bbox 143 1239 1180 1294; baseline -0.002 -10"><span class='ocrx_word' id='word_1_77' title='bbox 143 1251 186 1284; x_wconf 91' lang='lat'>10</span> <span class='ocrx_word' id='word_1_78' title='bbox 301 1239 491 1281; x_wconf 83' lang='lat' dir='ltr'>Hostiles</span> <span class='ocrx_word' id='word_1_79' title='bbox 524 1246 661 1281; x_wconf 85' lang='lat' dir='ltr'>terras</span> <span class='ocrx_word' id='word_1_80' title='bbox 694 1241 766 1293; x_wconf 91' lang='lat' dir='ltr'>qui</span> <span class='ocrx_word' id='word_1_81' title='bbox 796 1247 918 1294; x_wconf 85' lang='lat' dir='ltr'>reget</span> <span class='ocrx_word' id='word_1_82' title='bbox 951 1254 1054 1282; x_wconf 90' lang='lat' dir='ltr'>ense</span> <span class='ocrx_word' id='word_1_83' title='bbox 1089 1254 1180 1283; x_wconf 89' lang='lat' dir='ltr'>suo.</span> 
     </span>
     <span class='ocr_line' id='line_1_16' title="bbox 244 1311 1281 1365; baseline 0.002 -13"><span class='ocrx_word' id='word_1_84' title='bbox 244 1311 400 1353; x_wconf 87' lang='lat' dir='ltr'>Cresce</span> <span class='ocrx_word' id='word_1_85' title='bbox 433 1317 529 1353; x_wconf 83' lang='lat' dir='ltr'>tuos</span> <span class='ocrx_word' id='word_1_86' title='bbox 563 1325 700 1352; x_wconf 90' lang='lat' dir='ltr'>annos</span> <span class='ocrx_word' id='word_1_87' title='bbox 732 1312 867 1365; x_wconf 84' lang='lat' dir='ltr'>primo</span> <span class='ocrx_word' id='word_1_88' title='bbox 901 1311 1066 1353; x_wconf 87' lang='lat' dir='ltr'>delebis</span> <span class='ocrx_word' id='word_1_89' title='bbox 1098 1313 1141 1353; x_wconf 91' lang='grc'>111</span> <span class='ocrx_word' id='word_1_90' title='bbox 1174 1326 1281 1355; x_wconf 85' lang='lat' dir='ltr'>aevo</span> 
     </span>
     <span class='ocr_line' id='line_1_17' title="bbox 302 1382 1290 1437; baseline 0.002 -14"><span class='ocrx_word' id='word_1_91' title='bbox 302 1382 553 1433; x_wconf 80' lang='lat' dir='ltr'>Germanos,</span> <span class='ocrx_word' id='word_1_92' title='bbox 587 1383 751 1424; x_wconf 83' lang='lat' dir='ltr'>Turcos</span> <span class='ocrx_word' id='word_1_93' title='bbox 785 1389 914 1436; x_wconf 85' lang='lat' dir='ltr'>atque</span> <span class='ocrx_word' id='word_1_94' title='bbox 946 1383 1108 1424; x_wconf 88' lang='lat' dir='ltr'>rebelle</span> <span class='ocrx_word' id='word_1_95' title='bbox 1140 1397 1290 1437; x_wconf 84' lang='lat' dir='ltr'>genus.</span> 
     </span>
     <span class='ocr_line' id='line_1_18' title="bbox 240 1453 1362 1509; baseline 0.002 -15"><span class='ocrx_word' id='word_1_96' title='bbox 240 1453 449 1495; x_wconf 79' lang='lat' dir='ltr'>Bellatrix</span> <span class='ocrx_word' id='word_1_97' title='bbox 481 1453 613 1495; x_wconf 89' lang='lat' dir='ltr'>cicius</span> <span class='ocrx_word' id='word_1_98' title='bbox 647 1454 762 1508; x_wconf 89' lang='lat' dir='ltr'>cupit</span> <span class='ocrx_word' id='word_1_99' title='bbox 793 1454 877 1495; x_wconf 90' lang='lat' dir='ltr'>ista</span> <span class='ocrx_word' id='word_1_100' title='bbox 908 1454 1117 1495; x_wconf 89' lang='lat' dir='ltr'>Bohemia</span> <span class='ocrx_word' id='word_1_101' title='bbox 1148 1454 1362 1509; x_wconf 82' lang='lat' dir='ltr'>princeps,</span> 
     </span>
     <span class='ocr_line' id='line_1_19' title="bbox 299 1524 1180 1580; baseline 0.001 -15"><span class='ocrx_word' id='word_1_102' title='bbox 299 1525 348 1565; x_wconf 92' lang='lat' dir='ltr'>In</span> <span class='ocrx_word' id='word_1_103' title='bbox 379 1525 542 1579; x_wconf 90' lang='lat' dir='ltr'>patrios</span> <span class='ocrx_word' id='word_1_104' title='bbox 575 1538 715 1566; x_wconf 88' lang='lat' dir='ltr'>mores</span> <span class='ocrx_word' id='word_1_105' title='bbox 749 1524 981 1566; x_wconf 85' lang='lat' dir='ltr'>erudiende</span> <span class='ocrx_word' id='word_1_106' title='bbox 1015 1531 1180 1580; x_wconf 87' lang='lat' dir='ltr'>potens.</span> 
     </span>
    </p>
   </div>
   <div class='ocr_carea' id='block_1_4' title="bbox 92 1749 1576 1875">
    <p class='ocr_par' dir='ltr' id='par_1_5' title="bbox 92 1749 1576 1875">
     <span class='ocr_line' id='line_1_20' title="bbox 92 1749 1576 1805; baseline 0.001 -14"><span class='ocrx_word' id='word_1_107' title='bbox 92 1749 163 1791; x_wconf 77' lang='lat' dir='ltr'>Ad</span> <span class='ocrx_word' id='word_1_108' title='bbox 188 1751 369 1793; x_wconf 73' lang='lat' dir='ltr'>eundem</span> <span class='ocrx_word' id='word_1_109' title='bbox 388 1750 597 1805; x_wconf 65' lang='lat' dir='ltr'>inclytum</span> <span class='ocrx_word' id='word_1_110' title='bbox 618 1751 777 1805; x_wconf 68' lang='lat' dir='ltr'>Reyem</span> <span class='ocrx_word' id='word_1_111' title='bbox 800 1750 1097 1792; x_wconf 56' lang='lat' dir='ltr'>wladislaum</span> <span class='ocrx_word' id='word_1_112' title='bbox 1124 1751 1173 1792; x_wconf 80' lang='lat' dir='ltr'>de</span> <span class='ocrx_word' id='word_1_113' title='bbox 1194 1750 1331 1804; x_wconf 63' lang='lat' dir='ltr'>ipsius</span> <span class='ocrx_word' id='word_1_114' title='bbox 1346 1751 1576 1803; x_wconf 64' lang='lat' dir='ltr'>preclaris-</span> 
     </span>
     <span class='ocr_line' id='line_1_21' title="bbox 245 1821 1419 1875; baseline -0.001 -12"><span class='ocrx_word' id='word_1_115' title='bbox 245 1821 355 1863; x_wconf 72' lang='lat' dir='ltr'>sima</span> <span class='ocrx_word' id='word_1_116' title='bbox 385 1821 527 1864; x_wconf 71' lang='lat' dir='ltr'>indole</span> <span class='ocrx_word' id='word_1_117' title='bbox 559 1826 596 1863; x_wconf 81' lang='lat' dir='ltr'>et</span> <span class='ocrx_word' id='word_1_118' title='bbox 628 1822 678 1863; x_wconf 76' lang='lat' dir='ltr'>(Ze</span> <span class='ocrx_word' id='word_1_119' title='bbox 710 1835 752 1863; x_wconf 82' lang='lat' dir='ltr'>eo</span> <span class='ocrx_word' id='word_1_120' title='bbox 785 1836 857 1875; x_wconf 75' lang='lat' dir='ltr'>spe</span> <span class='ocrx_word' id='word_1_121' title='bbox 889 1821 1084 1863; x_wconf 73' lang='lat' dir='ltr'>habenda</span> <span class='ocrx_word' id='word_1_122' title='bbox 1115 1821 1163 1863; x_wconf 69' lang='lat' dir='ltr'>in</span> <span class='ocrx_word' id='word_1_123' title='bbox 1187 1826 1419 1875; x_wconf 71' lang='lat' dir='ltr'>posterum.</span> 
     </span>
    </p>
   </div>
   <div class='ocr_carea' id='block_1_5' title="bbox 138 1939 1430 2920">
    <p class='ocr_par' dir='ltr' id='par_1_6' title="bbox 138 1939 1430 2920">
     <span class='ocr_line' id='line_1_22' title="bbox 240 1939 1384 1995; baseline 0 -14"><span class='ocrx_word' id='word_1_124' title='bbox 240 1939 304 1982; x_wconf 86' lang='lat' dir='ltr'>Sit</span> <span class='ocrx_word' id='word_1_125' title='bbox 336 1954 442 1995; x_wconf 83' lang='lat' dir='ltr'>puer</span> <span class='ocrx_word' id='word_1_126' title='bbox 474 1941 681 1982; x_wconf 88' lang='lat' dir='ltr'>Aemilius</span> <span class='ocrx_word' id='word_1_127' title='bbox 714 1947 863 1982; x_wconf 86' lang='lat' dir='ltr'>tenera</span> <span class='ocrx_word' id='word_1_128' title='bbox 897 1941 967 1993; x_wconf 89' lang='lat' dir='ltr'>qui</span> <span class='ocrx_word' id='word_1_129' title='bbox 998 1940 1185 1994; x_wconf 83' lang='lat' dir='ltr'>perdidit.</span> <span class='ocrx_word' id='word_1_130' title='bbox 1217 1940 1384 1982; x_wconf 84' lang='lat' dir='ltr'>hostem</span> 
     </span>
     <span class='ocr_line' id='line_1_23' title="bbox 296 2011 1183 2055; baseline 0.001 -2"><span class='ocrx_word' id='word_1_131' title='bbox 296 2012 444 2054; x_wconf 90' lang='lat' dir='ltr'>Indole</span> <span class='ocrx_word' id='word_1_132' title='bbox 478 2014 646 2055; x_wconf 88' lang='lat' dir='ltr'>virtutis</span> <span class='ocrx_word' id='word_1_133' title='bbox 679 2020 780 2054; x_wconf 90' lang='lat' dir='ltr'>tunc</span> <span class='ocrx_word' id='word_1_134' title='bbox 813 2013 1026 2054; x_wconf 84' lang='lat' dir='ltr'>elementa</span> <span class='ocrx_word' id='word_1_135' title='bbox 1058 2011 1183 2054; x_wconf 84' lang='lat' dir='ltr'>refer.</span> 
     </span>
     <span class='ocr_line' id='line_1_24' title="bbox 237 2082 1326 2136; baseline -0.001 -12"><span class='ocrx_word' id='word_1_136' title='bbox 237 2083 381 2124; x_wconf 86' lang='lat' dir='ltr'>Testis</span> <span class='ocrx_word' id='word_1_137' title='bbox 414 2084 497 2125; x_wconf 90' lang='lat' dir='ltr'>eris</span> <span class='ocrx_word' id='word_1_138' title='bbox 529 2085 672 2126; x_wconf 83' lang='lat' dir='ltr'>Marco</span> <span class='ocrx_word' id='word_1_139' title='bbox 705 2084 849 2126; x_wconf 86' lang='lat' dir='ltr'>iuveni</span> <span class='ocrx_word' id='word_1_140' title='bbox 881 2091 926 2125; x_wconf 88' lang='lat' dir='ltr'>tu</span> <span class='ocrx_word' id='word_1_141' title='bbox 959 2083 1115 2133; x_wconf 80' lang='lat' dir='ltr'>Quinte</span> <span class='ocrx_word' id='word_1_142' title='bbox 1148 2082 1326 2136; x_wconf 81' lang='lat' dir='ltr'>Popedi,</span> 
     </span>
     <span class='ocr_line' id='line_1_25' title="bbox 300 2154 1124 2197; baseline 0 -2"><span class='ocrx_word' id='word_1_143' title='bbox 300 2154 402 2196; x_wconf 87' lang='lat' dir='ltr'>Cum</span> <span class='ocrx_word' id='word_1_144' title='bbox 436 2156 572 2197; x_wconf 87' lang='lat' dir='ltr'>vetuit</span> <span class='ocrx_word' id='word_1_145' title='bbox 604 2157 713 2197; x_wconf 81' lang='lat' dir='ltr'>votis</span> <span class='ocrx_word' id='word_1_146' title='bbox 745 2156 789 2197; x_wconf 91' lang='lat' dir='ltr'>id</span> <span class='ocrx_word' id='word_1_147' title='bbox 821 2155 994 2197; x_wconf 81' lang='lat' dir='ltr'>licuisse</span> <span class='ocrx_word' id='word_1_148' title='bbox 1028 2155 1124 2195; x_wconf 89' lang='lat' dir='ltr'>tuis.</span> 
     </span>
     <span class='ocr_line' id='line_1_26' title="bbox 161 2224 1375 2279; baseline -0.001 -13"><span class='ocrx_word' id='word_1_149' title='bbox 161 2235 180 2267; x_wconf 91' lang='lat'>5</span> <span class='ocrx_word' id='word_1_150' title='bbox 239 2225 428 2279; x_wconf 88' lang='lat' dir='ltr'>Cumque</span> <span class='ocrx_word' id='word_1_151' title='bbox 463 2227 736 2268; x_wconf 83' lang='lat' dir='ltr'>salutandum</span> <span class='ocrx_word' id='word_1_152' title='bbox 769 2227 966 2268; x_wconf 86' lang='lat' dir='ltr'>venisses</span> <span class='ocrx_word' id='word_1_153' title='bbox 998 2225 1181 2267; x_wconf 79' lang='lat' dir='ltr'>maxime</span> <span class='ocrx_word' id='word_1_154' title='bbox 1216 2224 1375 2278; x_wconf 86' lang='lat' dir='ltr'>Syllam</span> 
     </span>
     <span class='ocr_line' id='line_1_27' title="bbox 296 2296 1159 2352; baseline 0 -15"><span class='ocrx_word' id='word_1_155' title='bbox 296 2297 375 2338; x_wconf 86' lang='lat' dir='ltr'>Illa</span> <span class='ocrx_word' id='word_1_156' title='bbox 407 2297 486 2339; x_wconf 88' lang='lat' dir='ltr'>fuit</span> <span class='ocrx_word' id='word_1_157' title='bbox 518 2298 709 2352; x_wconf 81' lang='lat' dir='ltr'>gravitas</span> <span class='ocrx_word' id='word_1_158' title='bbox 741 2297 1009 2339; x_wconf 85' lang='lat' dir='ltr'>inmoderata</span> <span class='ocrx_word' id='word_1_159' title='bbox 1042 2296 1159 2338; x_wconf 87' lang='lat' dir='ltr'>Cato.</span> 
     </span>
     <span class='ocr_line' id='line_1_28' title="bbox 235 2367 1413 2422; baseline 0 -13"><span class='ocrx_word' id='word_1_160' title='bbox 235 2367 327 2409; x_wconf 88' lang='lat' dir='ltr'>Hoc</span> <span class='ocrx_word' id='word_1_161' title='bbox 358 2368 465 2409; x_wconf 89' lang='lat' dir='ltr'>nihil</span> <span class='ocrx_word' id='word_1_162' title='bbox 497 2375 576 2420; x_wconf 77' lang='lat' dir='ltr'>est,</span> <span class='ocrx_word' id='word_1_163' title='bbox 609 2370 720 2410; x_wconf 87' lang='lat' dir='ltr'>ultor</span> <span class='ocrx_word' id='word_1_164' title='bbox 751 2369 887 2422; x_wconf 88' lang='lat' dir='ltr'>potuit</span> <span class='ocrx_word' id='word_1_165' title='bbox 920 2367 1021 2421; x_wconf 91' lang='lat' dir='ltr'>quid</span> <span class='ocrx_word' id='word_1_166' title='bbox 1054 2367 1238 2420; x_wconf 90' lang='lat' dir='ltr'>denique</span> <span class='ocrx_word' id='word_1_167' title='bbox 1272 2367 1413 2409; x_wconf 86' lang='lat' dir='ltr'>Caius.</span> 
     </span>
     <span class='ocr_line' id='line_1_29' title="bbox 296 2438 1072 2493; baseline -0.001 -13"><span class='ocrx_word' id='word_1_168' title='bbox 296 2438 459 2480; x_wconf 83' lang='lat' dir='ltr'>Obtulit</span> <span class='ocrx_word' id='word_1_169' title='bbox 492 2440 620 2488; x_wconf 75' lang='lat' dir='ltr'>etatis</span> <span class='ocrx_word' id='word_1_170' title='bbox 653 2440 777 2493; x_wconf 81' lang='lat' dir='ltr'>signa</span> <span class='ocrx_word' id='word_1_171' title='bbox 808 2439 952 2480; x_wconf 86' lang='lat' dir='ltr'>futura</span> <span class='ocrx_word' id='word_1_172' title='bbox 984 2450 1072 2487; x_wconf 73' lang='lat' dir='ltr'>suc.</span> 
     </span>
     <span class='ocr_line' id='line_1_30' title="bbox 237 2509 1181 2565; baseline -0.001 -13"><span class='ocrx_word' id='word_1_173' title='bbox 237 2509 308 2552; x_wconf 86' lang='lat' dir='ltr'>Sic</span> <span class='ocrx_word' id='word_1_174' title='bbox 340 2511 589 2553; x_wconf 86' lang='lat' dir='ltr'>Alcibiades</span> <span class='ocrx_word' id='word_1_175' title='bbox 622 2511 837 2565; x_wconf 86' lang='lat' dir='ltr'>presignis</span> <span class='ocrx_word' id='word_1_176' title='bbox 869 2510 971 2551; x_wconf 88' lang='lat' dir='ltr'>flore</span> <span class='ocrx_word' id='word_1_177' title='bbox 1004 2510 1181 2551; x_wconf 87' lang='lat' dir='ltr'>Iuvente</span> 
     </span>
     <span class='ocr_line' id='line_1_31' title="bbox 138 2580 1241 2636; baseline -0.001 -14"><span class='ocrx_word' id='word_1_178' title='bbox 138 2591 180 2624; x_wconf 90' lang='lat'>10</span> <span class='ocrx_word' id='word_1_179' title='bbox 294 2581 562 2623; x_wconf 87' lang='lat' dir='ltr'>Vestibulum</span> <span class='ocrx_word' id='word_1_180' title='bbox 597 2582 722 2631; x_wconf 74' lang='lat' dir='ltr'>docte</span> <span class='ocrx_word' id='word_1_181' title='bbox 756 2582 917 2636; x_wconf 85' lang='lat' dir='ltr'>sprevit</span> <span class='ocrx_word' id='word_1_182' title='bbox 949 2588 993 2622; x_wconf 88' lang='grc'>111</span> <span class='ocrx_word' id='word_1_183' title='bbox 1026 2588 1125 2622; x_wconf 81' lang='lat' dir='ltr'>ante</span> <span class='ocrx_word' id='word_1_184' title='bbox 1160 2580 1241 2622; x_wconf 89' lang='lat' dir='ltr'>dee</span> 
     </span>
     <span class='ocr_line' id='line_1_32' title="bbox 236 2650 1430 2707; baseline -0.002 -13"><span class='ocrx_word' id='word_1_185' title='bbox 236 2651 348 2702; x_wconf 80' lang='lat' dir='ltr'>Quid</span> <span class='ocrx_word' id='word_1_186' title='bbox 380 2666 520 2694; x_wconf 88' lang='lat' dir='ltr'>moror</span> <span class='ocrx_word' id='word_1_187' title='bbox 552 2654 759 2707; x_wconf 77' lang='lat' dir='ltr'>exemplis</span> <span class='ocrx_word' id='word_1_188' title='bbox 791 2653 944 2694; x_wconf 85' lang='lat' dir='ltr'>faciem</span> <span class='ocrx_word' id='word_1_189' title='bbox 981 2652 1079 2693; x_wconf 88' lang='lat' dir='ltr'>dum</span> <span class='ocrx_word' id='word_1_190' title='bbox 1107 2658 1255 2705; x_wconf 89' lang='lat' dir='ltr'>specto</span> <span class='ocrx_word' id='word_1_191' title='bbox 1289 2650 1430 2693; x_wconf 87' lang='lat' dir='ltr'>sereni</span> 
     </span>
     <span class='ocr_line' id='line_1_33' title="bbox 293 2722 1294 2778; baseline -0.001 -14"><span class='ocrx_word' id='word_1_192' title='bbox 293 2724 504 2778; x_wconf 90' lang='lat' dir='ltr'>Principis</span> <span class='ocrx_word' id='word_1_193' title='bbox 539 2731 579 2765; x_wconf 87' lang='lat' dir='ltr'>et</span> <span class='ocrx_word' id='word_1_194' title='bbox 613 2724 730 2765; x_wconf 92' lang='lat' dir='ltr'>visus</span> <span class='ocrx_word' id='word_1_195' title='bbox 763 2737 839 2778; x_wconf 88' lang='lat' dir='ltr'>per</span> <span class='ocrx_word' id='word_1_196' title='bbox 872 2737 949 2764; x_wconf 90' lang='lat' dir='ltr'>sua</span> <span class='ocrx_word' id='word_1_197' title='bbox 982 2723 1171 2763; x_wconf 85' lang='lat' dir='ltr'>membra</span> <span class='ocrx_word' id='word_1_198' title='bbox 1203 2722 1294 2763; x_wconf 89' lang='grc'>1610</span> 
     </span>
     <span class='ocr_line' id='line_1_34' title="bbox 233 2793 1339 2848; baseline -0.001 -13"><span class='ocrx_word' id='word_1_199' title='bbox 233 2793 439 2836; x_wconf 87' lang='lat' dir='ltr'>Natorum</span> <span class='ocrx_word' id='word_1_200' title='bbox 472 2807 683 2836; x_wconf 87' lang='lat' dir='ltr'>memores</span> <span class='ocrx_word' id='word_1_201' title='bbox 715 2795 857 2836; x_wconf 83' lang='lat' dir='ltr'>vultus</span> <span class='ocrx_word' id='word_1_202' title='bbox 890 2794 1032 2848; x_wconf 83' lang='lat' dir='ltr'>placet</span> <span class='ocrx_word' id='word_1_203' title='bbox 1064 2806 1200 2846; x_wconf 88' lang='lat' dir='ltr'>usque</span> <span class='ocrx_word' id='word_1_204' title='bbox 1233 2793 1339 2834; x_wconf 87' lang='lat' dir='ltr'>tueri</span> 
     </span>
     <span class='ocr_line' id='line_1_35' title="bbox 291 2864 1234 2920; baseline -0.001 -13"><span class='ocrx_word' id='word_1_205' title='bbox 291 2865 404 2907; x_wconf 85' lang='lat' dir='ltr'>Ecce</span> <span class='ocrx_word' id='word_1_206' title='bbox 439 2865 572 2907; x_wconf 85' lang='lat' dir='ltr'>duces</span> <span class='ocrx_word' id='word_1_207' title='bbox 604 2866 806 2920; x_wconf 83' lang='lat' dir='ltr'>princeps</span> <span class='ocrx_word' id='word_1_208' title='bbox 840 2864 987 2906; x_wconf 85' lang='lat' dir='ltr'>terruit</span> <span class='ocrx_word' id='word_1_209' title='bbox 1020 2878 1091 2906; x_wconf 91' lang='lat' dir='ltr'>ore</span> <span class='ocrx_word' id='word_1_210' title='bbox 1125 2878 1234 2906; x_wconf 90' lang='lat' dir='ltr'>novo</span> 
     </span>
    </p>
   </div>
  </div>
 </body>
</html>
