1955 3278
1490 129 1557 162 193

221 270 416 313 Occubui
448 272 628 326 patriam
661 271 759 312 dum
792 276 970 325 protego
1004 271 1183 314 fortibus
1216 273 1356 321 3111113,

283 342 451 385 Τ111366
484 343 575 384 fero
608 356 785 396 regnum
819 342 1109 396 depopulante
1142 357 1294 386 meum.

222 414 313 455 Nec
336 420 479 455 tamen
502 414 683 456 adverso
715 413 850 455 cecidi
873 413 985 466 quod
1009 414 1155 456 charte
1179 422 1425 469 peremptus

283 485 428 526 Patria
460 484 575 537 quod
607 498 771 526 1116611111
805 484 989 526 concidit
1021 485 1129 538 ipsa,
1164 499 1326 538 queror.

530 613 628 668 Eyy
663 612 797 654 mdsik
828 612 1108 655 iambusban:

224 708 305 749 Hic
336 708 458 749 iaceo
491 722 601 762 pene
634 721 742 762 puer
772 708 970 749 humatus
1003 709 1254 750 Pannonum

283 779 374 820 Rex
407 779 664 829 Ludovicus‚
697 779 879 821 Turcica
912 779 1123 821 extinctus
1156 794 1296 822 manu.

225 850 336 890 Dum
370 850 571 891 Barbaris
603 849 825 891 ruentibus
857 863 992 903 regna
1024 850 1065 890 in
1099 864 1195 892 mea

289 920 472 975 Oppono
507 934 661 975 corpus
695 927 736 962 et
769 934 889 962 meas
922 921 1047 972 vires,
1083 922 1204 964 cado.

224 991 322 1033 Vidi
355 1005 489 1044 meas,
523 992 610 1033 vidi
642 992 816 1045 fugatas
850 992 996 1046 copias

287 1063 520 1116 Foedaque
554 1063 691 1104 caeda
726 1063 971 1117 dissipatas,
1007 1077 1029 1105 0
1065 1064 1207 1105 dolor!

226 1134 376 1187 Neque
411 1134 539 1175 debui
571 1147 711 1187 neque
745 1135 858 1175 volui
890 1135 1056 1175 illarum
1090 1136 1185 1177 neci

288 1204 427 1259 Super
459 1218 571 1256 esse,
605 1219 752 1246 verum
786 1205 1014 1247 eduxeram
1050 1220 1156 1259 quos
1189 1208 1403 1261 persequi,

228 1275 316 1318 Sed
349 1289 424 1318 vos
456 1290 597 1317 meum
630 1290 683 1317 ne
718 1276 815 1318 flete
849 1283 978 1331 caput
1010 1277 1232 1332 Principes

287 1348 381 1389 Neu
414 1347 514 1389 fleto
548 1348 714 1401 vulgus,
750 1348 928 1401 quisque
949 1348 1040 1395 ‚sed
1072 1348 1171 1390 fleto
1206 1363 1326 1391 suum

228 1419 457 1460 Patefacta
484 1419 621 1472 janua
654 1425 720 1460 est
751 1419 883 1460 furori
916 1420 1109 1465 Turcico,

291 1490 386 1531 Non
411 1490 509 1543 quia
533 1504 614 1543 ego
637 1491 773 1541 13660,
808 1489 886 1531 sed
921 1491 1019 1542 quia
1041 1498 1106 1531 est
1130 1491 1263 1533 victor
1285 1492 1416 1533 ferox.

79 1697 333 1744 Magnifioo
352 1698 450 1734 viro
468 1700 514 1735 et
533 1699 759 1746 singulari
777 1700 876 1736 tum
894 1700 1156 1737 litterarum
1174 1702 1274 1737 tum
1293 1702 1566 1747 omnigenae

79 1763 268 1799 virtutis
296 1763 494 1800 amatori
518 1764 819 1811 integerrimo
845 1765 1028 1802 domino
1054 1765 1246 1811 Caspari
1266 1765 1435 1812 Banffy
1455 1766 1568 1803 Pan-

80 1829 192 1865 noni
231 1829 286 1865 de
327 1829 560 1866 Thaluncz
600 1830 818 1875 (Losonez
834 1831 867 1876 P)
904 1830 1187 1866 Huldriohus
1219 1830 1359 1867 Fabri
1390 1830 1568 1867 Rhetus

558 1895 838 1932 felicitatem
866 1896 1067 1942 exoptat.
1089 1896 1096 1915 ¹

205 2045 212 2052 .
239 2045 246 2053 .
274 2045 281 2052 .
308 2011 412 2061 Quis
445 2018 501 2063 16,
537 2012 606 2065 qui
639 2012 842 2053 nobilium
877 2012 1009 2053 decus
1032 2017 1073 2052 et
1101 2011 1305 2065 splendor
1328 2025 1388 2063 63,
1423 2011 1568 2053 11111113-

83 2082 259 2124 1113311116
282 2082 452 2124 domine
477 2082 658 2137 Gaspar,
682 2096 766 2124 non
790 2095 1052 2136 magnopere
1077 2081 1300 2124 laudabit?
1325 2083 1394 2135 qui
1416 2083 1571 2137 triplici

86 2153 288 2195 bonorum
336 2167 508 2207 genere,
555 2154 708 2206 quibus
752 2153 1018 2208 potissimum
1064 2154 1265 2194 mortales
1306 2153 1452 2195 extolli
1483 2168 1569 2195 me-

85 2229 244 2275 rentur,
278 2224 452 2278 egregie
485 2224 719 2278 praeditus,
767 2225 1001 2265 litterarum
1034 2230 1178 2264 tamen
1212 2230 1253 2265 61
1286 2224 1452 2266 virtutis
1487 2226 1571 2266 cul-

84 2300 200 2336 tores
233 2301 456 2349 tantopere
492 2296 614 2348 quasi
646 2309 754 2336 unus
789 2296 972 2335 omnium
1008 2296 1066 2336 sis
1106 2308 1240 2349 penes
1274 2309 1398 2348 quem
1431 2296 1570 2337 bonae

207 2433 216 2452 ¹
249 2434 400 2475 „Jacobi
426 2435 627 2469 Philomusi
644 2435 785 2469 Locher
805 2435 962 2469 Oratoris
983 2439 1018 2469 et
1038 2436 1175 2470 Poetae
1195 2435 1371 2478 praeclari
1388 2435 1571 2470 Judicium

87 2492 239 2533 Paridis,
266 2494 341 2527 ludi
368 2495 556 2529 cuiusdam
583 2495 697 2529 instar
723 2495 880 2529 carmine
912 2495 1115 2529 luculenter
1141 2495 1364 2538 descriptum
1391 2505 1432 2528 ac
1458 2506 1574 2538 nuper

87 2553 260 2586 exactiori
287 2564 372 2587 cura
391 2564 411 2587 a
431 2554 622 2597 superfluis
650 2558 687 2588 et
713 2554 892 2588 erroribus
912 2557 1019 2588 antea
1047 2553 1252 2588 commissis
1279 2564 1428 2597 prorsus
1454 2564 1572 2588 emen-

87 2612 223 2646 datum.
263 2612 417 2648 Secutus
455 2623 542 2647 vero
582 2616 639 2647 est
666 2616 791 2647 auctor
823 2613 1005 2657 Fulgentii
1039 2612 1311 2656 Mythologiam.
1354 2612 1573 2647 Huldrichus

86 2672 195 2706 Fabri
233 2671 446 2706 Lectoribus
492 2672 597 2715 quasi
639 2676 889 2716 argumentum
931 2672 1044 2706 libelli
1089 2672 1337 2714 complectens
1381 2673 1569 2716 loquitur.“

88 2731 123 2764 A
149 2731 272 2774 ko'nyv
298 2729 437 2775 vegen:
470 2731 710 2775 „Impressum
748 2732 910 2765 Viennae
939 2731 1109 2765 Austriae
1136 2742 1201 2774 per
1226 2731 1406 2766 Joannem
1433 2731 1573 2776 Singre-

89 2790 198 2823 nium.
225 2790 402 2833 Expensis
431 2791 677 2825 Bartholomei
703 2791 859 2825 Werlen.
886 2789 1062 2833 Bibliopf*
1102 2790 1287 2824 Esztendo
1315 2791 1414 2824 szam
1440 2789 1574 2831 nelkiss,

89 2848 375 2893 negyedretben.
404 2849 516 2883 Denis
543 2850 678 2884 szerint
703 2850 804 2893 (WB.
833 2861 865 2893 p.
889 2850 981 2891 (342.)
1011 2859 1029 2883 e
1056 2849 1189 2892 ko'nyv,
1218 2850 1314 2894 mely
1342 2850 1575 2884 1514—1544

91 2907 221 2942 kozo‘tt
246 2909 313 2942 lett
338 2912 545 2953 nyomatva,
574 2919 729 2953 megvan
756 2919 776 2942 a
801 2907 903 2943 becsi
929 2908 1055 2942 udvari
1081 2908 1345 2952 konyvtarban.

163 2989 188 3015 J.
212 2990 307 3016 Amin:
329 2990 489 3017 ANALECTA
509 2999 597 3017 NovA.
1391 2980 1433 3013 13
