1919 3273
330 94 400 128 470

331 308 403 351 Ad
439 307 735 350 Reverendz'ss.
774 307 832 349 D.
880 306 1149 349 Staozislcmm
1193 305 1454 359 Episcopum
1492 304 1822 348 olomucensem.

593 439 775 490 Thurso,
809 437 1063 479 Pontificum
1097 437 1229 478 decus
1262 436 1484 486 bonorum,

594 509 758 558 Gentis,
791 509 974 561 Thurso,
1007 516 1107 549 tuac
1140 521 1330 562 perenne
1364 508 1511 561 sydus,

593 581 700 623 Aevi
731 581 880 634 gloria,
915 580 1098 631 Thurso,
1132 593 1291 632 magna
1322 579 1469 630 nostri,

595 652 716 693 Felix
748 652 940 704 materia,
975 664 1084 704 euge
1118 651 1301 702 Thurso,
1335 655 1494 702 vatum,

594 723 732 765 Modis
765 723 962 765 omnibus
996 722 1205 774 absolute,
1239 722 1420 772 Thurso,

593 795 759 836 Nomen
791 794 966 835 mirifice
1001 794 1179 846 elegans
1212 793 1453 843 rotundum,

597 866 721 916 Quod
754 879 800 907 se
834 865 1089 907 accomodat
1123 864 1320 905 omnibus
1353 864 1514 914 Poetis,
1543 893 1546 896 -

594 938 730 979 Versu
764 937 953 990 quolibet
986 936 1085 977 hinc
1120 942 1161 977 et
1194 936 1293 977 111110
1326 935 1539 987 decorum,

593 1010 648 1051 Et
681 1009 830 1062 quovis
864 1008 975 1063 pede
1010 1008 1137 1049 currit
1171 1007 1431 1061 expeditum.

597 1081 683 1123 Seu
715 1094 794 1122 nos
827 1080 1024 1122 Maeonio
1057 1080 1283 1120 incitamur
1316 1085 1474 1129 vestro,

595 1152 737 1194 Heroo
772 1158 814 1193 et
845 1152 949 1193 libet
981 1152 1177 1193 intonare
1212 1159 1354 1201 cantu,

596 1224 683 1265 Seu
715 1236 794 1264 nos
830 1223 1082 1264 Callimachi
1114 1223 1377 1263 aemulamur
1398 1221 1592 1262 umbram

596 1295 679 1336 Aut
711 1295 857 1337 Flacci
889 1295 1052 1336 varium
1084 1294 1220 1335 melos
1255 1294 1430 1343 ciemus,

596 1368 680 1408 Aut
712 1367 822 1408 tales
854 1366 1068 1407 imitamur
1100 1366 1376 1407 adstruentes

597 1438 723 1480 Docti
757 1438 942 1479 carmine
977 1438 1167 1492 syllabas
1203 1437 1370 1478 Catulli.

596 1510 761 1551 Venisti
794 1523 911 1551 mera
944 1509 1106 1551 saeculi
1139 1510 1341 1562 voluptas

595 1581 780 1623 Nostrae
812 1581 1075 1635 praesidium
1108 1594 1159 1622 ac
1192 1580 1326 1622 decus
1360 1580 1555 1631 Thaliae,

596 1655 827 1696 Moecenas
860 1653 1077 1694 hominum
1110 1652 1268 1706 optime
1300 1651 1565 1706 optimorum.

598 1728 653 1769 Ut
687 1727 850 1768 coelum
886 1725 1010 1779 eripit
1043 1738 1166 1765 0111116
1201 1737 1334 1765 saeva
1365 1723 1508 1764 nautis

597 1799 855 1852 Tempestas
888 1802 931 1838 et
962 1796 1215 1837 inaestuans
1249 1794 1453 1849 procella.

598 1868 679 1918 Qui
710 1868 896 1910 ludibria
927 1866 1228 1908 murmurantis
1262 1865 1407 1906 Austri

596 1941 690 1982 Huc
721 1941 823 1981 illuc
854 1940 1078 1993 rapiuntur
1108 1937 1301 1991 inquieti,

600 2012 702 2053 Cum
734 2011 823 2053 fors
857 2010 989 2065 sydus
1023 2010 1206 2051 amicum
1240 2015 1281 2050 et
1315 2008 1549 2062 expetitum

601 2083 797 2137 Spondet
831 2082 1028 2124 exoriens
1062 2081 1130 2122 die
1166 2081 1361 2129 salutem,

601 2154 743 2196 Strato
777 2154 950 2195 caerula
982 2166 1059 2207 per
1092 2152 1237 2205 quieta
1269 2158 1400 2205 ponto

600 2225 758 2280 Optato
791 2226 1011 2280 potiuntur
1042 2224 1141 2265 inde
1176 2223 1311 2273 coelo,

602 2297 672 2339 Sic
705 2298 816 2338 curis
851 2296 1003 2350 agitati
1036 2302 1078 2336 et
1110 2294 1331 2344 insalubri,

598 2370 734 2411 Aestu
767 2368 1100 2410 sollicitudinum
1133 2367 1339 2407 malarum

600 2441 723 2482 Nunc
756 2453 869 2481 nunc
903 2439 1100 2480 exoriens
1133 2438 1304 2491 graveis
1338 2437 1552 2491 procellas

600 2512 751 2553 Vultus
784 2511 884 2552 mite
918 2511 979 2551 tui
1012 2516 1184 2550 serenat
1215 2516 1390 2559 astrum,

600 2584 923 2637 Tempestatem
958 2582 1091 2635 abigit
1123 2581 1422 2635 periculosam,

602 2654 746 2696 Solem
778 2654 964 2695 restituit
996 2654 1309 2706 voluptuosam.

601 2725 635 2768 O
671 2725 802 2779 sydus
834 2725 961 2766 modo
995 2724 1163 2765 Castori
1195 2723 1380 2777 gemello

601 2796 869 2851 lungendum
903 2802 944 2837 ct
978 2795 1045 2836 cui
1079 2794 1270 2836 Castoris
1303 2793 1514 2847 gemellus

605 2868 754 2921 Cedat,
789 2867 903 2921 quod
934 2866 1059 2908 modo
1092 2866 1235 2908 lucida
1269 2865 1346 2907 sub
1381 2865 1534 2905 aethra
