1919 3273
1474 92 1541 126 391

51 267 128 309 Ad
149 269 328 310 eundem
348 268 493 310 divum
516 268 814 311 Vuladislaum
842 269 1002 324 Reyem
1016 270 1143 324 pium
1163 276 1202 313 et
1222 270 1539 313 serenissimum

52 338 330 394 epiyramma,
350 354 429 393 quo
446 344 574 393 poeta
596 340 854 382 demonstrat
881 340 1022 394 ipsum
1040 356 1126 384 esse
1148 341 1281 384 alium
1303 341 1538 385 Gaesarem.

202 458 322 499 Alter
354 457 514 500 Caesar
546 471 638 510 ave,
673 471 755 511 quo
788 472 873 500 non
905 459 1108 501 illustrior
1139 460 1246 502 alter

261 529 544 583 Temporibus
576 530 747 581 nostris,
783 543 864 571 nec
895 530 975 571 fuit
1007 537 1106 572 ante
1140 544 1248 573 reor.

203 600 331 641 Dicta
362 599 556 649 laborate
589 613 819 653 numquam
852 601 1041 655 peritura
1072 601 1223 650 Thalie

260 671 313 712 Et
346 684 543 725 sparsum
576 671 721 712 nitidis
759 684 878 712 sume
910 672 1107 714 volumen
1140 673 1272 726 aquis.

125 753 145 785 5
202 742 311 783 Nam
344 742 436 784 ocio
469 739 566 796 (nee
589 741 731 796 fallor)
764 748 946 796 possunt
978 743 1054 784 tibi
1075 750 1190 785 serta
1223 745 1407 798 placere.

259 813 476 855 Phocidos
510 820 552 855 et
583 820 729 862 nostre
761 813 880 855 faeta
912 814 1050 868 perita
1082 815 1182 868 lyre.

201 884 293 925 Hoc
326 884 374 935 si,
408 891 619 938 perpetua
650 885 771 927 vives
806 884 884 926 sub
917 886 1118 939 ymagine
1150 885 1292 938 vatis,v

186 1011 190 1014 ἡ
259 955 312 996 Et
344 968 421 1009 per
454 961 495 997 te
529 956 644 998 vivet
677 969 848 997 carmen
884 955 1078 1009 adusque
1112 970 1244 998 suum.

201 1026 309 1067 Nam
342 1026 501 1067 famam
534 1027 749 1080 vitamque
784 1026 921 1078 dabis,
955 1033 1184 1080 nostroque
1217 1027 1353 1069 labori

98 1107 144 1141 10
259 1097 424 1139 Nomen
459 1104 501 1139 et
532 1098 713 1139 Aonium
746 1098 871 1139 turba
902 1099 1089 1152 requiret
1121 1112 1241 1153 opus.

199 1168 279 1209 Illa
310 1168 615 1221 frequentabit,
648 1169 812 1211 fructus
846 1169 1050 1224 decerpet
1082 1170 1264 1221 adultos,

259 1240 438 1281 Flumen
472 1246 513 1282 et
549 1241 666 1282 aerei
697 1254 877 1283 noscere
911 1241 1049 1283 discet
1082 1241 1192 1295 equi.

53 1476 125 1518 Ad
147 1477 327 1519 eundem
348 1476 493 1518 divum
519 1477 819 1519 Vuladz'slaum
841 1477 999 1532 Reqem
1012 1477 1138 1531 pium
1157 1477 1357 1531 foel't'eem,
1380 1492 1541 1532 semper

53 1546 270 1601 invictum,
305 1547 578 1603 epiqramma,
615 1563 695 1602 quo
722 1552 851 1602 poeta
886 1549 974 1590 vult
1005 1549 1233 1591 describere
1265 1549 1355 1591 eius
1385 1563 1539 1592 nomen

701 1623 738 1661 et
767 1624 898 1675 qesta.

203 1726 457 1768 Conticeant
489 1733 660 1769 veteres
693 1740 866 1769 narrare
899 1733 1099 1781 poemata
1130 1740 1270 1781 regeS,

262 1798 428 1840 Fabula
461 1811 557 1839 cum
590 1798 716 1839 fastis
748 1798 1021 1852 hystorieque
1056 1799 1155 1840 suis.

199 1868 278 1909 Vel
311 1868 467 1910 sileant
500 1868 666 1923 priscos
698 1875 822 1910 vates
857 1882 1092 1910 memorare
1125 1869 1375 1923 triumphos,

261 1940 484 1991 Marmore,
520 1953 626 1993 quos
659 1940 794 1982 victor
828 1953 932 1994 sepe
965 1940 1143 1981 notabat
1178 1953 1323 1993 eques.

123 2022 144 2055 5
200 2011 254 2052 Et
287 2023 368 2064 que
401 2011 588 2065 Tarpeia
621 2011 851 2053 servabant
884 2011 1075 2052 sanctius
1108 2025 1219 2064 arce,

260 2083 314 2124 Et
347 2082 479 2124 decus
513 2089 555 2124 et
588 2095 743 2123 nomen
775 2088 900 2136 parta
931 2083 1112 2137 trophea
1145 2082 1290 2125 duces.

203 2153 249 2195 Si
279 2153 398 2195 licuit
429 2167 558 2196 versu
592 2153 837 2195 describere
871 2159 997 2207 gesta
1029 2160 1266 2208 parentum,

259 2225 441 2278 Riteque
476 2224 760 2278 grandiloquo
794 2224 942 2265 ludere
974 2224 1091 2266 facta
1124 2238 1239 2266 sono.

201 2296 326 2338 Nunc
359 2309 529 2349 quoque
561 2309 628 2336 me
662 2296 791 2337 liceat
824 2295 1031 2337 modulari
1062 2296 1216 2338 nobilis
1249 2309 1366 2338 arma

102 2377 145 2412 10
261 2368 487 2422 Principis,
522 2373 564 2409 et
598 2381 754 2409 nomen
788 2367 901 2420 quod
934 2367 1044 2409 bene
1077 2367 1211 2409 Roma
1243 2368 1355 2409 colit.

53 2603 126 2646 Ad
157 2604 337 2647 eundem
366 2604 512 2646 divum
540 2604 838 2646 Valaclislaum
867 2604 1026 2658 Reyem
1053 2602 1345 2656 fortissimum,
1381 2603 1431 2645 de
1449 2601 1540 2645 eius

427 2675 548 2729 fama
583 2676 787 2735 quomodo
820 2675 991 2717 creverit
1023 2674 1167 2716 Rome.

202 2794 360 2848 Magna
391 2808 469 2849 per
500 2795 714 2837 Ausonias
746 2802 819 2836 tua
851 2794 968 2835 fama
998 2793 1208 2835 increbuit
1240 2806 1350 2844 oras,

263 2865 329 2907 De
362 2871 405 2907 te
437 2866 522 2907 iam
554 2866 741 2919 loquitur
772 2866 926 2907 Martia
957 2865 1092 2907 Roma
1124 2864 1247 2906 duce.
