1903 3340
612 746 1106 800 PRAEFATIO.

238 972 455 1026 Eugenius
487 972 598 1014 Abel
641 971 937 1013 funestissima
969 978 1101 1012 morte
1135 978 1322 1026 ereptus,
1366 972 1600 1025 diligentis-

121 1043 224 1083 sime
270 1043 492 1084 collectam
537 1043 759 1083 materiam
804 1042 986 1094 reliquit7
1034 1055 1158 1094 quam
1205 1056 1258 1084 ex
1302 1043 1520 1084 codicibus
1562 1051 1603 1085 et

120 1113 387 1155 incunabulis
432 1113 641 1155 variarum
686 1112 1039 1154 bibliothecarum
1074 1120 1363 1167 excerpserat,
1403 1113 1480 1155 sed
1513 1114 1603 1154 fata

121 1185 159 1226 ei
192 1185 307 1226 haud
338 1186 621 1239 permiserunt
654 1190 822 1238 tempus
856 1191 897 1225 et
920 1184 1063 1235 otium,
1099 1185 1258 1225 camin
1282 1184 1472 1225 ordinem
1494 1185 1602 1225 redi-

122 1256 252 1309 gendi
298 1262 341 1297 et
385 1256 441 1297 ad
474 1269 739 1298 communem
785 1255 1013 1296 utilitatem
1058 1255 1228 1296 edendi.
1283 1255 1478 1296 Manibus
1512 1256 1602 1297 eius

121 1327 384 1381 pientissime
430 1340 634 1369 consecro
668 1326 781 1367 hunc
813 1340 951 1367 meum
984 1326 1188 1377 laborem,
1235 1340 1317 1378 quo
1351 1326 1460 1367 haec
1492 1327 1602 1367 Ana-

120 1398 233 1439 lecta
265 1398 387 1440 Nova
431 1397 601 1439 edenda
645 1398 909 1451 praeparavi.
954 1397 1045 1438 Hoc
1077 1397 1289 1438 volumine
1335 1398 1604 1438 continentur

122 1469 411 1522 praefationes
457 1475 499 1509 et
547 1469 756 1522 epistolae
805 1468 1109 1519 dedicatoriae‚
1158 1481 1238 1508 nec
1285 1481 1369 1508 non
1415 1468 1604 1509 carmina

122 1539 386 1581 dedicatoria
413 1546 454 1580 et
476 1538 739 1594 panegyrici,
775 1538 927 1591 quibus
961 1538 1191 1592 scriptores
1224 1539 1458 1580 litterarum
1481 1553 1602 1580 rena-

124 1611 329 1652 scentium
361 1610 691 1664 praeclarissimi
723 1622 849 1663 reges
882 1610 1128 1662 Hungariae
1155 1616 1196 1650 et
1220 1610 1604 1651 excellentissimos

123 1682 335 1723 antistites
381 1688 423 1723 et
461 1694 662 1736 proceres
707 1680 849 1734 gentis
896 1681 1142 1734 Hungariae
1182 1680 1508 1721 honoraverant.
1556 1681 1604 1722 In

121 1752 260 1794 indice
308 1753 581 1807 alphabetico
628 1752 775 1794 ordine
808 1751 984 1793 redacto
1027 1751 1223 1793 invenies
1267 1765 1434 1792 omnem
1473 1758 1604 1793 mate—

121 1824 238 1865 riam.
283 1823 362 1865 Hic
395 1824 565 1865 elucent
596 1823 767 1864 nomina
799 1823 907 1867 Aldi,
954 1823 1274 1863 Bartholomaei
1306 1823 1458 1873 Fontii,
1491 1823 1604 1864 Bon-

121 1895 221 1947 finii,
254 1895 416 1947 Bochii,
464 1894 702 1936 Constantii
733 1894 957 1944 Fanensis,
1004 1893 1179 1934 Marsilii
1221 1893 1369 1945 Ficini,
1417 1893 1604 1945 Pacifici,

121 1965 323 2017 Ransani,
368 1966 525 2017 Ursini,
571 1972 616 2007 ut
661 1978 848 2006 summos
881 1965 994 2007 viros
1028 1965 1252 2006 nominem.
1305 1964 1391 2005 Sed
1424 1964 1604 2006 habebis

122 2037 249 2077 etiam
288 2037 356 2079 hic
403 2037 639 2079 orationem
683 2037 908 2078 funebrem
955 2036 1151 2077 Garsonii
1196 2050 1272 2090 pro
1306 2049 1408 2089 rege
1441 2036 1604 2076 Mathia

122 2107 325 2160 habitam,
374 2108 514 2149 denuo
548 2122 601 2150 ex
635 2108 782 2149 codice
826 2108 1091 2149 Bononiensi
1121 2107 1482 2160 redintegratam,
1518 2107 1605 2160 epi-

122 2179 270 2232 taphia
313 2179 432 2220 varia
465 2192 517 2220 ex
550 2179 678 2221 variis
720 2178 911 2220 fontibus
953 2179 1110 2219 hausta
1143 2184 1185 2219 et
1219 2177 1407 2218 carmina
1440 2177 1494 2218 ad
1537 2191 1606 2219 res

122 2249 390 2303 Hungaricas
412 2250 626 2303 quandam
643 2250 894 2290 relationem
912 2249 1129 2300 habentia,
1149 2249 1398 2303 plerumque
1418 2248 1606 2289 carmina

124 2320 388 2362 dedicatoria
431 2321 486 2362 ad
531 2334 662 2376 opera
714 2321 1012 2374 Hungarorum
1058 2321 1322 2374 scriptorum.
1374 2320 1605 2361 Praeterea

123 2391 191 2432 hic
237 2392 430 2433 invenies
476 2398 674 2445 quattuor
718 2405 850 2446 opera
895 2391 1071 2441 selecta,
1113 2391 1297 2443 quaein
1335 2390 1605 2431 incunabulis

123 2463 299 2516 reperiri
330 2469 524 2516 possunt,
566 2462 644 2503 sed
678 2468 719 2503 et
752 2476 845 2504 cum
879 2461 1099 2503 codicibus
1141 2462 1194 2503 ab
1227 2456 1421 2514 Eugenio
1455 2461 1605 2502 Abelio

125 2533 281 2574 collata
314 2540 423 2574 sunt.
472 2533 563 2574 Has
597 2533 849 2574 collationes
881 2533 1034 2586 partim
1069 2539 1111 2574 et
1144 2546 1225 2586 ego
1263 2533 1413 2573 iterum
1448 2532 1606 2573 contuli

125 2617 219 2645 cum
253 2604 582 2658 exemplaribus,
617 2618 726 2657 quae
767 2604 869 2644 mihi
909 2604 1053 2645 videre
1096 2603 1347 2656 contigerat.
1390 2603 1480 2644 Hoc
1512 2603 1606 2644 loco

126 2675 286 2728 gratias
321 2675 422 2716 mihi
454 2675 670 2729 agendum
703 2682 769 2716 est
801 2674 1045 2716 Alexandro
1079 2687 1101 2716 e
1136 2674 1359 2715 comitibus
1394 2674 1605 2727 Apponyi,

126 2746 196 2798 qui
241 2759 404 2787 summa
443 2759 534 2787 cum
579 2745 834 2787 liberalitate
867 2746 1170 2787 bibliothecam
1217 2759 1336 2786 suam
1381 2744 1607 2785 rarissimis

126 2817 338 2858 thesauris
355 2816 678 2858 refertissimam
702 2817 868 2871 aperire
890 2817 1092 2870 dignatus
1116 2826 1191 2857 est.
1217 2817 1336 2857 Haec
1359 2829 1490 2869 opera
1510 2822 1607 2856 sunt

124 2888 305 2929 Joannis
322 2888 489 2930 Nicolai
506 2887 690 2941 Nagonii
712 2892 957 2941 poematum
975 2887 1070 2928 libri
1088 2887 1155 2929 lV.
1183 2887 1237 2928 ad
1255 2886 1606 2937 WladislaumII.,

1422 2967 1464 3000 1*
