1955 3278
1509 110 1575 143 167

93 252 206 292 citet.
267 251 398 291 Immo
446 250 560 303 quod
605 250 793 292 deterius
839 258 904 292 est
948 258 1038 292 tota
1094 265 1272 306 corpora
1315 252 1489 303 inficiat,
1536 260 1577 294 et

93 328 269 363 mortem
307 327 667 375 praesentaneam
701 321 862 362 afferat.
912 321 957 362 Si
990 322 1201 363 interdum
1234 324 1301 364 vel
1334 324 1376 364 in
1408 323 1576 365 modico

93 392 245 433 modus
289 389 549 446 (quanquam
595 392 689 444 quis
734 391 804 432 ille
848 398 913 432 est
947 393 1017 445 qui
1060 394 1229 434 modum
1275 394 1366 435 eius
1405 407 1576 436 servare

94 463 215 514 sciat,
261 470 334 504 aut
367 463 437 515 qui
469 463 566 504 vino
599 462 748 503 fortior
781 460 850 516 sit)
896 476 980 504 non
1015 471 1217 505 servetur.
1269 465 1434 506 Scimus
1468 465 1577 506 enim

93 534 237 587 plures
271 534 530 575 clarissimos
565 534 697 575 duces
731 542 772 575 et
805 534 1087 588 philosophos
1121 549 1171 575 ex
1205 549 1255 576 00
1288 549 1373 577 11011
1397 536 1579 577 naturali

93 612 226 646 morte
260 605 527 647 occubuisse.
564 604 678 646 Obiit
704 612 861 657 quanto
895 605 963 646 die
999 605 1263 659 Chrysippus
1296 607 1578 660 philosophus

92 682 375 730 posteaquam
418 676 542 717 dulce
577 678 719 717 vinum
752 676 1072 717 immoderatius
1118 678 1335 718 hausisset
1369 678 1579 730 angustiis

94 747 266 801 spiritus
310 747 530 801 fatigatus.
587 746 701 788 Obiit
747 748 992 788 Arcesilaus
1039 749 1240 801 egregius
1280 749 1407 789 etiam
1446 749 1579 802 philo-

93 819 254 872 sophus
299 819 522 859 immatura
557 825 688 859 morte
723 818 821 859 dum
854 818 997 859 vinum
1043 819 1267 860 immodice
1309 820 1577 873 sumpsisset.

94 888 209 931 Obiit
239 890 300 930 ita
333 896 375 930 et
406 889 605 942 Lacydes
640 889 982 943 sapientissimus
1015 890 1155 941 homo,
1191 898 1232 931 et
1264 891 1305 931 in
1339 891 1471 931 literis
1496 904 1579 930 non

93 966 344 1015 postremus.
399 959 513 1001 Obiit
562 960 849 1001 Philostratus
897 960 958 1001 vir
1007 961 1298 1006 doctissimus,
1349 962 1418 1014 qui
1467 961 1581 1015 apud

94 1044 274 1085 graecos
307 1031 488 1085 plurima
523 1031 766 1084 scripserat.
801 1031 877 1071 [lle
902 1032 1012 1072 enim
1046 1046 1138 1073 cum
1162 1032 1205 1072 in
1228 1033 1395 1073 balneis
1431 1032 1580 1073 Sinue-

95 1102 242 1143 sannis
288 1102 374 1143 vini
406 1102 583 1142 multum
617 1102 884 1155 sumpsisset,
932 1116 984 1143 ex
1018 1103 1147 1144 scalis
1192 1116 1403 1157 praeceps
1440 1103 1580 1144 factus

94 1187 179 1215 non
223 1174 353 1214 multo
399 1179 496 1227 post
541 1173 649 1213 vinis
696 1174 974 1215 renunciavit.
1029 1174 1191 1215 Eodem
1236 1188 1395 1227 genere
1436 1175 1580 1215 mortis

94 1244 197 1286 obiit
229 1244 394 1298 Elpeno
427 1244 498 1284 ille
534 1245 735 1297 egregius
769 1244 830 1285 vir
863 1258 913 1286 ac
941 1246 1082 1286 socius
1112 1246 1279 1299 Ulyssis
1307 1246 1426 1287 cuius
1451 1245 1580 1286 cada-

95 1329 195 1357 vere
234 1328 384 1356 manes
431 1316 599 1356 evocati
643 1322 740 1356 sunt
785 1315 838 1356 ab
886 1316 1053 1369 Ulysse.
1109 1316 1214 1357 Nam
1262 1316 1377 1370 apud
1418 1317 1581 1358 Circem

95 1387 238 1428 ebrius
270 1386 411 1428 factus
457 1387 583 1428 etiam
619 1387 828 1428 scalarum
863 1387 988 1440 lapsu
1021 1388 1156 1441 periit.
1206 1387 1319 1428 Obiit
1346 1388 1406 1428 ita
1440 1388 1581 1429 Choas

82 1459 165 1499 ille
199 1457 253 1499 ab
298 1458 543 1499 Alexandro
577 1458 733 1511 Magno
766 1459 984 1508 invitatus,
1032 1459 1130 1500 dum
1165 1460 1275 1500 enim
1310 1459 1363 1500 ob
1409 1460 1581 1501 bibendi

95 1529 316 1571 victoriam
361 1529 415 1570 ab
457 1542 507 1570 eo
551 1530 757 1570 talentum
801 1529 1031 1580 retulisset,
1078 1538 1174 1584 post
1219 1530 1393 1571 biduum
1440 1531 1581 1571 statim

95 1607 284 1641 mortuus
318 1607 396 1651 est,
431 1614 588 1653 magna
620 1601 766 1653 utique
800 1607 841 1641 et
875 1614 1008 1642 saeva
1039 1601 1248 1642 mercede.
1283 1601 1439 1642 Verum
1463 1602 1582 1642 dices

97 1672 240 1726 plures
286 1672 415 1713 etiam
449 1685 502 1713 ex
536 1672 709 1713 summis
754 1672 1081 1725 imperatoribus
1127 1680 1168 1713 et
1201 1673 1582 1726 praestantissimis

94 1743 195 1784 viris
238 1743 374 1784 fuisse
420 1743 490 1795 qui
523 1749 565 1784 et
596 1743 708 1784 bene
753 1743 949 1784 viventes
994 1744 1270 1785 temulentiae
1311 1750 1353 1785 et
1386 1743 1582 1785 ebrietati

95 1814 254 1855 inservi
287 1822 423 1864 erunt,
449 1820 491 1855 et
514 1813 787 1855 nihilominus
809 1828 988 1867 magnas
1012 1821 1054 1856 et
1074 1812 1320 1868 praeclaras
1343 1828 1412 1856 res
1434 1828 1582 1868 gesse-

96 1892 203 1927 runt.
251 1885 435 1926 Proinde
470 1898 555 1926 non
589 1898 686 1926 esse
728 1885 988 1926 credendum
1030 1886 1143 1937 quod
1175 1886 1319 1927 vinum
1358 1887 1583 1927 multorum

98 1957 297 2010 egregias
330 1957 508 1998 virtutes
541 1956 766 1997 obscuret:
805 1956 972 2010 Quippe
1008 1957 1121 2009 quod
1155 1957 1260 1998 Cato
1281 1958 1353 1999 ille
1378 1958 1583 2010 singulari

97 2027 326 2082 prudentia
370 2033 412 2068 et
443 2027 654 2068 industria
698 2027 824 2068 homo
865 2028 1085 2082 exemplar
1118 2034 1160 2069 et
1192 2042 1339 2069 norma
1383 2028 1583 2069 virtutum

99 2099 171 2152 qui
204 2099 319 2140 solus
353 2112 405 2139 ex
437 2099 640 2140 Romanis
675 2099 849 2152 sapiens
883 2099 1022 2140 dictus
1057 2105 1134 2151 est,
1169 2099 1367 2141 ebrietati
1397 2100 1583 2141 indulsit.

96 2171 162 2211 Ita
194 2177 235 2211 et
258 2170 484 2224 Lysander
513 2170 953 2211 Lacedaemoniorum
987 2170 1073 2211 dux
1104 2171 1147 2212 in
1180 2171 1363 2212 caeteris
1397 2171 1583 2223 alioquin

98 2241 226 2283 rebus
259 2246 536 2295 temperatus,
570 2241 657 2283 vini
689 2240 841 2283 avidus
874 2241 966 2286 fuit,
1002 2241 1072 2294 qui
1104 2247 1248 2282 tamen
1277 2242 1330 2282 ob
1354 2241 1435 2283 hoc
1454 2241 1583 2282 Asiae

98 2313 233 2354 victor
264 2312 591 2353 Atheniensium
621 2312 732 2354 vires
767 2313 1038 2363 contriverat,
1073 2326 1179 2365 quas
1204 2320 1332 2354 antea
1364 2312 1583 2353 Lacedae-

99 2383 228 2425 monii
271 2383 422 2437 viginti
469 2396 545 2424 sex
590 2384 713 2425 annis
760 2385 959 2425 continue
1005 2383 1219 2424 bellantes
1251 2397 1300 2425 ac
1335 2383 1584 2425 obsidentes

98 2455 330 2508 reprimere
363 2455 478 2495 nullo
511 2454 635 2495 modo
669 2461 906 2509 potuerunt.
951 2455 1157 2496 Hercules
1192 2455 1385 2507 quamvis
1418 2460 1459 2495 et
1490 2454 1584 2507 ipse

102 2526 244 2567 vinum
284 2539 414 2579 supra
452 2539 694 2566 mensuram
727 2532 965 2580 appeteret,
999 2523 1148 2577 {tamen
1183 2539 1235 2566 ex
1268 2525 1441 2566 Iunonis
1487 2524 1584 2565 odio

100 2597 313 2650 gloriosus
347 2602 389 2637 et
420 2596 569 2637 vivens
604 2597 797 2638 omnibus
831 2610 955 2638 carus
988 2597 1080 2645 fuit,
1116 2603 1157 2637 et
1189 2601 1378 2637 mortuus
1418 2596 1584 2637 divinos

101 2668 284 2708 honores
324 2667 377 2708 ab
411 2668 613 2709 universa
646 2669 886 2721 gentilitate
933 2674 1158 2719 meruerat,
1205 2675 1250 2708 ut
1289 2668 1359 2720 qui
1398 2673 1585 2708 monstra

100 2739 292 2791 ingentia
347 2738 582 2789 domuerat,
641 2739 916 2780 semitaurum
962 2738 1131 2789 devicit,
1177 2738 1344 2779 leonem
1390 2751 1582 2779 nemeum

101 2808 316 2849 interfecit
337 2815 379 2850 et
402 2809 647 2860 excoriavit,
676 2809 865 2863 harpyas
888 2809 1067 2862 fugavit,
1092 2822 1223 2850 aurea
1243 2823 1370 2863 poma
1388 2823 1439 2850 ex
1462 2809 1584 2849 horto

103 2879 377 2933 hesperidum
422 2880 599 2921 abstulit
643 2881 899 2934 interempto
940 2880 1132 2932 custode,
1180 2880 1407 2921 Cerberum
1442 2879 1584 2921 cathe-
