1955 3278
1497 165 1514 197 1
1520 166 1539 197 3
1543 166 1562 197 9

80 305 209 347 animi
254 305 507 359 corruptela.
561 305 760 346 Ebrietas
803 306 846 346 in
892 312 1069 358 utroque
1115 320 1220 348 sexu
1266 314 1420 348 cuncta
1452 308 1564 348 mala

80 375 257 431 appetit,
292 382 332 416 et
366 375 599 430 nephanda
632 376 865 417 committit.
901 376 953 416 Et
974 383 1018 417 ut
1042 377 1274 430 Apostolus
1298 378 1380 419 aits
1414 379 1565 431 Regna

79 447 285 488 coelestia
319 446 623 500 appetentibus
646 446 847 500 denegat.
884 446 1086 499 Quisquis
1111 449 1222 489 enim
1244 449 1564 490 immoderatius
1615 461 1734 492 Ebrius

80 517 359 569 convivioque
404 517 570 558 medius
603 517 772 558 amissis
804 517 1044 559 modestiae
1090 519 1223 560 frenis
1256 520 1409 560 insana
1439 520 1568 560 fuerit
1631 514 1716 545 male

80 589 288 629 ebrietate
321 593 572 641 prostratus,
607 600 785 630 aversus
818 589 994 642 respicit
1027 595 1207 639 stantes,
1243 603 1349 642 quos
1371 590 1562 644 integros
1585 570 1758 656 δζξζῐῃῑζῗρ

78 659 222 700 videre
255 659 415 711 nequit,
449 665 521 699 aut
545 671 739 700 sermone
763 659 893 713 longo
917 659 1133 713 superflua
1166 661 1298 702 verba
1321 661 1486 712 emittit,
1522 667 1562 701 et
1620 678 1717 707 sonat

79 743 192 772 vana
236 729 350 770 dicta
395 730 623 783 componit,
669 730 778 770 male
825 730 1015 771 clamans
1049 738 1091 771 et
1123 731 1234 772 bene
1280 732 1361 773 sibi
1394 745 1565 773 sonans.

81 801 268 842 Assumit
300 800 411 840 inter
433 800 588 853 pocula
610 800 768 841 iniusta
801 801 1035 842 certamina
1069 807 1110 842 et
1133 802 1260 842 nullis
1285 803 1568 844 existentibus

79 871 246 913 caussis
292 884 489 925 asperam
536 871 694 912 excitat
739 871 888 923 rixam,
935 873 1035 924 quia
1078 872 1390 926 interponendo
1436 874 1568 915 verba

80 956 191 984 vana
236 942 412 982 aliorum
458 955 565 982 sana
598 942 712 983 dicta
756 955 840 983 11011
885 944 1043 996 110111111·
1075 943 1236 989 audire.
1284 944 1359 985 sed
1393 945 1434 985 in
1470 958 1567 985 000-

79 1013 297 1054 tumeliam
330 1013 506 1066 erigitur
538 1014 812 1054 convivarum
835 1020 875 1054 et
898 1015 1183 1067 proximorum
1208 1015 1395 1057 crimina.
1430 1016 1565 1057 Alibi:

80 1084 277 1125 Ebrietas
310 1083 450 1125 aufert
480 1083 738 1135 memoriam,
773 1084 956 1138 dissipat
979 1098 1166 1137 sensum,
1201 1086 1423 1127 confundit
1446 1087 1566 1127 intel-

80 1156 249 1206 lectum,
270 1155 454 1196 concitat
477 1154 711 1206 libidinem,
735 1156 910 1197 involvit
933 1157 1121 1210 linguam
1146 1158 1375 1211 corrumpit
1396 1159 1567 1210 sangui-

81 1240 190 1276 nem,
238 1227 379 1267 omnia
424 1226 614 1267 membra
659 1226 869 1279 debilitat,
915 1228 1045 1268 vitam
1079 1228 1285 1279 diminuit,
1326 1235 1368 1269 et
1401 1242 1566 1269 omnem

82 1298 263 1338 salutem
298 1297 562 1338 exterminat.
611 1297 682 1339 Sic
711 1299 835 1349 enim,
869 1305 979 1339 teste
1013 1299 1188 1350 Isidoro,
1225 1300 1420 1341 carnales
1455 1300 1568 1353 cupi-

81 1369 239 1410 ditates
283 1375 533 1410 resecantur
578 1368 852 1417 abstinentia,
899 1370 959 1410 ita
992 1384 1140 1411 omnes
1189 1371 1356 1412 animae
1390 1371 1568 1412 virtutes

81 1440 182 1481 Vitio
216 1440 437 1481 ebrietatis
472 1440 756 1482 destruuntur.
789 1441 1065 1482 Innocentius
1088 1442 1140 1482 de
1164 1442 1346 1483 hominis
1370 1443 1565 1483 miseria:
1585 1463 1635 1493 Nil
1656 1465 1781 1501 turpius

84 1511 196 1560 Quid
229 1512 409 1564 turpius,
442 1511 590 1564 inquit,
627 1511 795 1553 ebrioso
811 1511 832 1552 ἶ)
876 1513 943 1553 cui
975 1513 1114 1553 foetor
1146 1513 1188 1553 in
1222 1526 1307 1564 ore,
1341 1519 1498 1554 tremor
1528 1514 1570 1554 in
1604 1516 1770 1547 ebrietate.

82 1596 272 1636 corpore,
307 1582 379 1634 qui
418 1583 572 1636 promit
613 1583 757 1634 stulta,
791 1583 930 1637 prodit
974 1584 1155 1631 occulta,
1198 1584 1264 1624 cui
1307 1597 1427 1625 mens
1466 1585 1567 1625 alie-

80 1659 217 1703 natur,
263 1660 304 1694 et
338 1653 473 1695 facies
519 1654 858 1696 transformatur.
909 1654 1041 1696 Alibi:
1088 1655 1287 1695 Ebrietas
1321 1655 1469 1696 caedis
1502 1664 1567 1696 est

80 1730 228 1775 mater,
274 1737 431 1778 parens
463 1724 611 1772 litium,
656 1725 812 1766 furoris
846 1726 1041 1778 genitriX,
1084 1726 1348 1779 petulantiae
1383 1733 1448 1767 est
1480 1740 1567 1767 ma-

80 1795 226 1849 gistra.
261 1795 343 1837 Ubi
367 1809 550 1848 namque
573 1803 727 1849 regnat
761 1797 962 1849 ebrietas,
997 1797 1106 1838 ratio
1134 1797 1231 1850 ipsa
1264 1798 1421 1847 exulat,
1444 1797 1566 1838 intel-

79 1867 216 1908 lectus
262 1867 521 1919 obtunditur,
571 1868 751 1909 consilia
796 1868 996 1918 devincit,
1045 1868 1203 1909 iudicia
1251 1869 1564 1911 subvertuntur.

79 1937 269 1979 Thomas
313 1938 415 1978 item
450 1938 536 1980 sic:
582 1939 704 1980 Licet
748 1939 937 1980 ebrietas
982 1940 1162 1992 plurima
1207 1940 1320 1980 mala
1353 1947 1564 1994 operetur,

79 2007 210 2050 habet
246 2015 384 2050 tamen
420 2010 501 2050 1100
522 2010 618 2064 111011
641 2010 753 2062 quod
776 2016 961 2051 mentem
985 2011 1174 2061 hebetet,
1200 2018 1368 2052 secreta
1390 2011 1565 2061 revelet,

79 2086 228 2132 gestus
275 2080 486 2134 deturpet,
542 2081 755 2133 eloquium
801 2081 1079 2131 scandaliset,
1128 2082 1226 2122 lites
1275 2088 1466 2135 generet,
1516 2096 1565 2123 ac

80 2152 269 2204 corporis
314 2152 426 2192 vires
472 2152 738 2193 exterminet.
788 2152 953 2193 Cadere
987 2152 1117 2201 iubet,
1165 2153 1274 2193 bene
1309 2166 1438 2206 agere
1472 2166 1565 2206 pro-

78 2221 210 2269 hibet,
244 2223 433 2274 requiem
466 2223 656 2276 impedit,
691 2236 863 2264 sensum
894 2223 1066 2273 alienat,
1101 2223 1357 2265 oblivionem
1390 2224 1564 2274 inducit,

78 2293 297 2334 libidinem
331 2301 484 2343 movet,
518 2307 726 2335 nauseam
760 2300 978 2347 provocat,
1012 2294 1149 2335 visum
1182 2294 1344 2346 minuit,
1380 2302 1421 2336 et
1454 2295 1567 2335 omni

78 2363 231 2404 virtute
255 2364 469 2405 hominem
488 2364 691 2405 destituit.
727 2364 913 2406 Seneca:
941 2365 1064 2406 Certe
1090 2365 1253 2418 detegit
1275 2379 1398 2407 omne
1419 2366 1565 2407 vitium

80 2435 277 2483 ebrietas,
323 2442 365 2476 et
396 2435 586 2477 incendit
632 2436 703 2477 ubi
747 2436 942 2490 possedit
976 2436 1162 2476 animum
1201 2436 1330 2477 nimia
1364 2437 1427 2478 vis
1460 2437 1564 2487 vini,

79 2505 279 2558 quicquid
302 2506 413 2547 male
436 2507 600 2548 latebat
625 2507 789 2561 detegit
809 2508 878 2548 vel
901 2507 1093 2560 emergit.
1129 2507 1223 2548 Non
1250 2508 1354 2548 facit
1378 2508 1566 2549 ebrietas

78 2577 192 2623 vitia,
226 2576 302 2617 sed
336 2578 557 2630 protrahit.
604 2578 725 2619 Tunc
757 2579 997 2632 impudicus
1038 2578 1229 2619 morbum
1263 2578 1484 2632 profitetur
1515 2593 1564 2620 a(-

77 2647 280 2700 publicat,
315 2654 415 2689 tunc
447 2650 648 2702 petulans
681 2663 766 2691 non
799 2650 1001 2703 linguam,
1042 2662 1125 2689 11011
1158 2663 1328 2690 manum
1363 2650 1563 2701 continet⁷

79 2718 233 2759 crescit
259 2718 459 2760 insolenti
487 2720 700 2773 superbia,
728 2721 959 2762 crudelitas
983 2733 1128 2771 saevo,
1153 2721 1398 2773 malignitas
1420 2720 1563 2771 livido,

78 2802 202 2829 omne
236 2790 380 2830 vitium
415 2798 637 2843 grassatur
659 2798 698 2832 et
720 2791 872 2845 prodit.
908 2791 1056 2832 Adiice
1079 2791 1139 2831 illi
1167 2791 1436 2844 ignorantiae
1461 2805 1564 2832 suae
1578 2780 1777 2870 δέὲϊζέἒῒ

78 2859 206 2900 dubia
253 2868 293 2901 et
328 2874 475 2913 parum
510 2863 742 2914 explanata
774 2862 919 2912 verba,
966 2862 1152 2903 incertos
1186 2862 1346 2908 oculos,
1384 2862 1563 2915 gradum
1587 2884 1763 2915 erudelitas

78 2937 304 2972 errantem.
339 2932 592 2984 vertiginem
626 2932 791 2986 capitis,
826 2938 941 2973 tecta
963 2933 1057 2986 ipsa
1086 2932 1258 2973 mobilia
1280 2933 1393 2973 velut
1418 2933 1560 2985 aliquo
1609 2938 1735 2968 erescit.
