1955 3278
1505 108 1571 141 179

89 255 260 296 nitanus
294 267 426 307 eques
460 260 634 294 auratus
668 259 709 294 et
741 259 870 306 poeta
902 253 1119 294 laureatus
1153 259 1195 294 et
1229 252 1420 293 exhibuit
1448 252 1571 293 nobis

88 325 297 378 quasdam
330 325 494 366 litteras
516 324 807 378 privilegiales
830 323 871 363 in
892 337 1154 376 pergameno
1189 323 1363 377 capituli
1386 323 1569 364 ecclesie

89 396 393 449 Zagrabiensis
426 409 519 437 cum
553 409 629 436 suo
664 394 803 447 sigillo
836 394 1042 447 pendenti
1075 400 1119 434 ut
1151 394 1269 447 ipsas
1303 394 1501 435 transribi
1532 400 1575 435 et

88 467 319 508 transsumi
363 467 416 508 de
451 467 580 508 verbo
614 466 669 507 ad
709 465 884 507 verbum
930 464 1202 517 dignaremur
1238 478 1367 506 sanas
1402 465 1572 517 quidem

89 543 132 578 et
163 537 368 591 integras,
402 550 486 578 non
519 537 712 588 abrasas,
746 550 831 577 non
855 536 1131 585 cancellatas7
1166 549 1249 577 non
1272 536 1465 586 viciatas‚
1490 550 1575 577 non

90 608 327 650 maculatas
372 608 449 649 sed
482 608 595 649 omni
638 621 811 662 prorsus
851 607 959 648 vicio
999 613 1041 647 et
1074 607 1318 660 suspicione
1365 614 1575 649 carentes.

90 678 279 728 Quarum
312 679 482 732 quidem
528 679 762 720 litterarum
800 685 923 719 tenor
954 678 1053 718 talis
1087 684 1175 719 est:
1222 678 1310 719 Nos
1344 678 1575 731 capitulum

91 750 276 793 ecclesie
321 750 626 803 Zagrabiensis
671 749 873 790 memorie
919 748 1268 791 commendamus
1301 755 1449 790 tenore
1483 764 1577 803 pre-

91 822 281 864 sencium
326 820 619 875 significantes
665 820 818 873 quibus
864 820 1037 874 expedit
1082 820 1306 867 universis,
1353 820 1466 873 quod
1499 835 1577 862 nos

91 893 257 934 litteras
291 892 552 933 serenissimi
584 892 787 945 principis
821 891 981 932 domini
1011 891 1170 932 Mathie
1200 892 1269 933 dei
1297 893 1438 945 gratia
1461 892 1576 932 Hun-

92 964 230 1018 garie‚
276 963 450 1004 Boemie
496 969 576 1005 etc.
621 963 737 1016 regis
783 963 989 1015 ducisque
1036 963 1206 1003 Austrie
1243 962 1401 1004 domini
1446 964 1579 1004 nostri

93 1035 299 1076 naturalis
353 1034 650 1088 gratiosissimi
696 1034 1024 1075 introductorias
1071 1040 1112 1074 et
1160 1034 1408 1076 statutorias
1456 1035 1579 1076 nobis

92 1106 362 1160 preceptorie
395 1106 621 1158 loquentes
656 1112 697 1146 et
731 1105 916 1146 directas
950 1119 1113 1146 summa
1146 1119 1239 1146 cum
1273 1106 1514 1147 reverentia
1537 1113 1579 1147 et

95 1177 342 1218 obedientia
388 1177 628 1231 recepimus
676 1176 718 1217 in
763 1177 843 1217 hec
887 1176 1047 1217 verba:
1096 1176 1281 1217 Mathias
1327 1176 1397 1217 dei
1441 1177 1580 1230 gratia

95 1248 327 1301 Hungarie‚
361 1248 535 1289 Boemie
570 1254 646 1289 etc.
682 1262 756 1289 rex
789 1247 958 1300 duxque
991 1248 1161 1289 Austrie
1194 1247 1392 1289 fidelibus
1426 1248 1583 1289 nostris

94 1319 281 1373 capitulo
314 1319 497 1360 ecclesie
531 1319 835 1373 Zagrabiensis
862 1319 1043 1359 salutem
1071 1326 1113 1360 et
1145 1319 1340 1372 gratiam.
1378 1319 1481 1360 Cum
1504 1333 1584 1361 nos

96 1390 284 1432 debitum
318 1396 363 1430 ut
395 1390 521 1431 decet
552 1396 795 1444 respectum
829 1390 1041 1431 habentes
1075 1389 1129 1431 ad
1161 1390 1235 1431 illa
1266 1391 1459 1444 preclare
1481 1390 1584 1431 fide-

95 1461 228 1502 litatis
251 1461 460 1514 obsequia
481 1475 562 1514 que
585 1461 724 1503 fidelis
745 1467 891 1502 noster
913 1461 1068 1502 nobilis
1094 1461 1348 1502 Franciscus
1372 1461 1582 1514 Cynthius

98 1532 151 1574 de
185 1533 403 1587 Dyonisiis
436 1533 540 1574 civis
573 1533 880 1584 Anconitanus‚
915 1546 1048 1585 eques
1072 1540 1246 1574 auratus
1280 1539 1322 1573 et
1342 1540 1472 1586 poeta
1494 1533 1583 1574 lau-

97 1609 255 1655 reatus,
290 1603 511 1645 familiaris
545 1610 691 1645 noster
722 1604 914 1657 pluribus
947 1603 1031 1644 iam
1064 1603 1188 1644 annis
1220 1603 1344 1645 nobis
1378 1610 1420 1644 et
1451 1617 1585 1657 regno

99 1680 244 1716 nostro
267 1688 353 1717 non
375 1675 513 1716 minus
536 1675 696 1716 utiliter
728 1688 853 1728 quam
886 1674 1071 1716 fideliter
1099 1675 1291 1716 exhibuit
1313 1682 1356 1716 et
1378 1675 1584 1728 impendit

99 1752 142 1787 et
174 1746 327 1798 quibus
360 1760 406 1788 se
440 1746 564 1788 nobis
609 1752 774 1800 gratum
820 1746 1001 1787 reddere
1048 1745 1210 1787 studuit
1255 1752 1296 1787 et
1332 1752 1585 1800 acceptum3

100 1817 250 1858 horum
294 1818 438 1871 itaque
485 1831 655 1859 suorum
700 1818 852 1859 intuitu
898 1818 1140 1859 meritorum
1178 1823 1363 1858 castrum
1396 1824 1588 1858 nostrum

101 1888 340 1929 maritinum
373 1888 517 1930 Bakar
548 1895 747 1930 vocatum
779 1889 821 1929 in
853 1902 987 1941 regno
1011 1894 1155 1929 nostro
1191 1888 1360 1929 Oroatie
1381 1888 1589 1939 habitum,

102 1959 216 2012 quod
261 1960 368 2001 alias
412 1960 629 2014 magnifici
673 1960 854 2001 condam
899 1959 1064 2001 comitis
1109 1959 1278 2000 Martini
1312 1959 1364 2001 de
1398 1960 1589 2013 Franga-

102 2031 285 2085 panibus
329 2031 562 2085 prefuerat,
608 2031 685 2072 sed
730 2045 806 2086 per
850 2037 1027 2072 mortem
1073 2036 1115 2072 et
1160 2030 1375 2072 defectum
1415 2031 1589 2073 seminis

104 2102 296 2144 eiusdem
330 2102 382 2143 ad
418 2115 584 2144 sacram
618 2103 773 2156 prefati
806 2103 928 2156 regni
961 2102 1094 2143 nostri
1135 2102 1354 2156 Hungarie
1389 2116 1588 2144 coronam

104 2180 147 2214 et
195 2179 510 2226 consequenter
562 2173 618 2214 ad
666 2187 743 2215 nos
793 2174 876 2214 iam
926 2173 1085 2214 dudum
1139 2173 1383 2214 devolutum
1438 2173 1588 2223 extitit,

105 2245 231 2285 simul
254 2258 348 2286 cum
380 2251 503 2298 portu
527 2258 578 2285 ac
599 2245 809 2286 universis
842 2245 953 2286 villis
987 2251 1029 2285 et
1051 2244 1400 2298 possessionibus
1434 2244 1590 2297 portio-

106 2315 231 2357 nibus
280 2322 321 2356 et
370 2316 465 2357 aliis
513 2316 773 2369 quibuslibet
820 2315 981 2356 iuribus
1025 2315 1379 2368 possessionariis
1424 2328 1591 2356 necnon

107 2386 270 2427 colonis
316 2387 510 2428 omnibus
557 2387 611 2428 ad
656 2387 794 2441 ipsum
840 2392 1025 2427 castrum
1070 2386 1381 2440 pertinentibus
1416 2393 1458 2426 et
1491 2386 1592 2427 item

108 2470 201 2497 cum
236 2458 399 2498 cunctis
433 2458 521 2498 suis
558 2458 825 2509 utilitatibus,
872 2457 1079 2499 fructibus
1113 2463 1155 2498 et
1187 2457 1465 2511 proventibus
1507 2457 1594 2509 qui-

108 2528 296 2569 buslibet
345 2529 494 2581 quovis
548 2530 728 2570 nominis
781 2529 990 2571 vocabulo
1048 2534 1319 2578 censauntur‚
1374 2528 1453 2569 sub
1507 2528 1595 2569 suis

109 2599 221 2640 veris
245 2600 368 2641 metis
402 2606 443 2641 et
471 2600 669 2653 antiquis,
704 2607 936 2641 memorato
965 2599 1195 2640 Francisco
1230 2599 1411 2652 Cynthio
1445 2605 1488 2640 et
1520 2612 1596 2653 per

111 2684 205 2711 eum
235 2670 473 2722 Vincentio,
506 2671 886 2725 Petrohieronymo
918 2678 959 2711 et
993 2670 1237 2711 Alexandro
1270 2670 1472 2711 fratribus
1506 2670 1593 2711 suis

112 2742 356 2783 carnalibus
409 2742 687 2795 eiusdemque
739 2756 788 2783 ac
837 2742 1015 2782 fratrum
1049 2755 1219 2782 suorum
1268 2741 1498 2782 heredibus
1551 2747 1592 2782 et

112 2813 436 2854 successoribus
469 2814 741 2866 presentibus
777 2820 818 2854 et
850 2813 1003 2854 futuris
1050 2813 1172 2854 nobis
1212 2819 1355 2853 tamen
1389 2819 1431 2853 et
1463 2825 1596 2865 regno

112 2890 258 2924 nostro
292 2898 342 2925 ac
376 2885 698 2926 successoribus
731 2885 888 2926 nostris
916 2884 1100 2925 fideliter
1132 2883 1417 2925 servientibus
1450 2884 1597 2936 vigore

1388 2964 1452 2996 12*
