1919 3273
288 119 358 153 480

289 262 403 316 que1
448 263 574 305 huius
610 270 652 305 te
686 264 799 305 vitae
845 277 929 305 non
962 264 1213 319 110611116612
1248 266 1451 308 alacritas
1485 266 1782 322 hilaritasque,

290 348 401 388 quae
435 335 720 376 constantiam
751 335 1131 389 fortitudinemque
1156 337 1285 390 (igyl)
1309 338 1517 379 comitiari
1535 337 1549 360 ³
1570 339 1662 381 fere
1686 353 1784 382 con-

289 414 533 457 sveverunt,
568 407 834 448 certissimae
867 408 992 449 nobis
1027 415 1125 449 sunt
1148 409 1328 460 indices,
1370 416 1411 451 et
1433 411 1612 464 perinde
1636 413 1784 466 optimi

286 478 595 531 iustissimique
641 479 719 520 viri
765 479 841 521 tibi
885 480 1043 520 famam
1089 481 1217 534 plane
1264 482 1461 522 excitasti
1507 482 1782 536 singularem,

286 540 520 603 praecipue
555 563 649 590 cum
683 550 888 591 bonorum
921 552 1215 605 iustorumque
1250 552 1466 593 hominum
1495 553 1613 595 colas
1644 560 1687 596 et
1709 554 1783 596 ob-

288 634 437 662 serves
471 634 595 662 omne
623 635 774 674 genus.
809 622 1105 664 Animadverti
1128 623 1325 676 equidem
1356 637 1667 678 saepenumero
1689 639 1783 668 611111

286 692 481 746 insignes
515 693 752 746 cuiuspiam
785 694 965 735 virtutes
998 700 1039 736 te
1074 694 1276 736 audiente
1310 708 1631 749 memorassem,
1656 710 1783 750 quam

286 764 386 805 totis
421 763 523 805 mihi
556 765 749 806 exultare
781 765 987 807 videbare
1021 766 1299 819 praecordiis

408 870 584 879 ......
615 837 744 877 Proin
777 843 849 878 tuo
882 837 1036 878 illustri
1069 835 1193 891 (igyl)
1227 844 1326 879 tuae
1359 838 1562 889 iustitiae,
1603 852 1689 892 qua
1720 840 1784 881 vir

286 906 565 950 admirandus
598 908 689 949 iure
723 908 912 960 haberis,
947 909 1139 962 gratulor
1171 922 1265 950 cum
1301 923 1326 950 a
1358 917 1446 950 tam
1477 910 1623 952 inclito
1657 917 1784 952 coetu

287 992 429 1031 cerno,
464 987 649 1033 quantus
682 980 887 1030 habeare,
922 993 1002 1022 nec
1024 981 1159 1022 latere
1194 981 1424 1035 perspicua
1446 981 1530 1022 iam
1552 982 1686 1024 virtus
1708 988 1783 1023 tua

286 1056 442 1104 potest,
489 1065 616 1105 quam
648 1052 691 1092 111
724 1052 806 1093 hac
840 1052 1011 1093 civitate
1044 1052 1087 1093 in
1120 1053 1249 1094 totius
1285 1053 1398 1094 orbis
1444 1060 1650 1094 terrarum
1684 1067 1783 1095 con-

286 1128 439 1176 spectu
473 1136 584 1175 esse,
619 1137 801 1165 necesse
836 1130 913 1171 est,
947 1137 1204 1177 quamquam
1232 1125 1368 1165 mavis
1402 1137 1500 1166 esse
1523 1130 1568 1165 tu
1595 1125 1781 1178 quidem,

286 1207 414 1247 quam
446 1195 596 1245 videri,
645 1209 697 1236 ac
730 1196 930 1248 quoniam
964 1196 1160 1249 sepultae
1195 1209 1295 1250 pars
1331 1204 1397 1236 est
1428 1195 1610 1237 inertiae
1643 1197 1784 1238 celata

284 1265 419 1307 virtus
450 1266 685 1319 similisque
708 1267 776 1308 vel
799 1267 932 1320 lyrae,
961 1280 1071 1320 quae
1094 1267 1261 1318 reticet,
1296 1268 1365 1309 vel
1389 1268 1460 1320 qui
1486 1280 1572 1308 non
1595 1267 1783 1309 tenditur

286 1350 424 1388 arcus,
446 1351 531 1378 non
549 1343 675 1391 potes
694 1338 900 1387 Venetiis,
919 1338 993 1379 ubi
1011 1339 1270 1392 conspicuae
1297 1351 1445 1380 omnes
1468 1344 1566 1380 sunt
1588 1339 1781 1390 virtutes,

285 1409 475 1462 assequi,
509 1415 555 1450 ut
587 1416 688 1450 tuae
723 1410 893 1451 silentio
927 1410 1241 1461 oblitterentur,
1276 1416 1321 1451 tu
1355 1410 1466 1451 enim
1499 1410 1781 1461 Pannoniam,

287 1494 415 1533 quam
460 1480 648 1522 mirificis
696 1481 825 1522 effers
858 1481 1073 1533 laudibus,
1118 1488 1159 1522 et
1191 1495 1331 1522 rerum
1378 1488 1597 1535 gestarum
1629 1481 1780 1535 gloria,

285 1553 339 1594 ad
375 1553 542 1594 coelum
574 1553 689 1594 tollis
722 1553 904 1607 patriam
937 1559 1066 1603 tuam,
1101 1554 1184 1594 tuis
1217 1553 1311 1607 ipse
1335 1553 1524 1594 moribus
1555 1552 1781 1607 impensis-

285 1624 390 1665 sime
425 1638 609 1666 exornas
641 1624 849 1675 bonitate,
897 1625 1124 1678 gravitate,
1156 1625 1332 1675 iustitia,
1378 1624 1554 1678 pietate,
1588 1623 1780 1664 humani-

284 1703 387 1747 tate,
422 1696 664 1750 prudentia,
699 1696 900 1738 virtutum
934 1695 1118 1749 denique
1153 1696 1338 1737 omnium
1363 1696 1486 1749 quasi
1508 1708 1662 1737 acervo
1686 1709 1780 1749 pro—

284 1768 440 1820 tendis,
475 1774 517 1809 et
544 1767 665 1819 facis,
701 1773 743 1808 et
766 1767 963 1808 omnibus
988 1768 1269 1821 spectandam
1293 1767 1494 1821 praebes,
1518 1772 1564 1808 ut
1582 1767 1778 1818 iniustus,

284 1840 508 1892 malusque
554 1852 638 1880 non
682 1838 835 1879 iniuria
867 1838 1091 1889 habeatur,
1139 1838 1330 1892 quisquis
1364 1845 1405 1880 te
1439 1852 1524 1879 non
1557 1844 1686 1889 amat,
1729 1850 1781 1878 ac

285 1911 500 1953 observat.
547 1911 675 1952 Miror
707 1910 905 1963 equidem
951 1923 1084 1964 saepe
1129 1923 1295 1951 mecum
1329 1916 1417 1950 tam
1449 1914 1648 1963 pacatam
1682 1921 1779 1950 esse

284 1990 471 2024 mentem
504 1988 622 2023 tuam
645 1995 789 2036 posse,
824 1988 868 2022 ut
890 1981 1044 2034 quibus
1068 1981 1293 2033 plurimum
1316 1980 1543 2035 profueris,
1567 1980 1779 2034 ingratos-

285 2068 366 2108 que
402 2054 583 2095 subinde
619 2068 723 2107 erga
755 2060 796 2095 te
831 2067 928 2095 esse
962 2053 1146 2104 noveris,
1180 2059 1224 2093 tu
1259 2066 1353 2094 cum
1394 2053 1555 2093 caeteri
1588 2051 1640 2093 de
1671 2050 1779 2105 ipsis

285 2127 588 2179 obloquantur,
650 2125 883 2173 defendas,
942 2131 1015 2165 aut
1066 2125 1322 2175 orationem,
1377 2123 1490 2176 quod
1543 2122 1778 2164 defendere

283 2211 491 2251 nequeas,
534 2197 737 2238 aliorsum
771 2196 1044 2249 detorqueas,
1090 2202 1177 2237 tam
1224 2195 1277 2236 ab
1317 2195 1431 2235 omni
1475 2194 1779 2236 maledicentia

284 2270 504 2311 abhorres.
554 2269 610 2310 At
642 2282 695 2309 ne
728 2268 812 2308 iam
859 2267 934 2308 sim
969 2281 1054 2308 non
1098 2267 1244 2319 utique
1291 2266 1460 2317 nimius,
1500 2265 1544 2306 id
1578 2278 1660 2319 ego
1692 2279 1778 2307 non

283 2355 435 2384 vereor
466 2340 509 2381 in
541 2339 624 2380 tuis
656 2338 937 2380 recensendis
970 2338 1211 2387 virtutibus,
1251 2337 1324 2378 ubi
1355 2350 1423 2377 me
1458 2336 1586 2377 etiam
1617 2337 1777 2390 parcis-

285 2414 436 2455 simum
468 2411 605 2453 fuisse
639 2411 789 2452 sentio.
825 2409 912 2451 Sed
936 2423 988 2450 116
1011 2409 1185 2461 inquam
1207 2408 1441 2459 verbosior,
1467 2420 1594 2460 quam
1615 2413 1661 2448 tu
1683 2407 1776 2460 ipse

284 2485 375 2538 pati
408 2483 550 2538 possis
582 2482 836 2536 praesertim
869 2487 944 2521 tua
976 2486 1297 2526 memorantem,
1339 2479 1409 2532 qui
1441 2479 1542 2519 iusti
1575 2484 1617 2520 et
1649 2478 1777 2531 aequi

284 2554 692 2597 observantissimus
726 2559 792 2594 est
824 2559 984 2603 custos,
1017 2552 1101 2592 iam
1122 2550 1290 2592 virtutis
1313 2551 1449 2604 ipsius
1471 2549 1776 2603 rigidissimum

283 2627 381 2680 lege
416 2626 659 2674 satellitem,
706 2637 788 2677 quo
823 2624 1029 2677 deinceps
1061 2622 1207 2663 liberis
1240 2622 1323 2663 tuis
1364 2620 1586 2675 discipulis
1619 2620 1776 2661 nostris

284 2711 390 2751 quos
422 2696 772 2738 inocentissimae
807 2708 904 2736 esse
938 2694 1051 2736 vitae
1075 2694 1210 2747 cupis,
1244 2693 1478 2747 legendum
1502 2697 1630 2744 atque
1664 2690 1774 2732 adeo

285 2767 565 2810 ediscendum
599 2766 821 2808 exhibeas.
855 2765 976 2807 Vale.

405 2921 415 2941 ¹
443 2930 661 2965 quamquam
688 2919 734 2953 K.
780 2919 953 2961 (olvasasi
979 2919 1088 2961 biba).
1146 2918 1157 2937 ²
1184 2918 1347 2962 peniteat
1373 2917 1419 2951 K.
1481 2916 1494 2935 ³
1521 2915 1695 2951 concitari
1724 2914 1773 2948 K.
