1955 3278
1504 120 1571 154 213

89 264 298 318 quidnam
330 264 598 318 potissimum
629 263 753 314 foret',
799 276 881 316 quo
920 270 976 314 te,
1018 264 1247 306 Maecenas
1284 263 1568 318 Amplissime,

94 334 304 377 demereri
335 348 532 388 possem3
566 334 672 375 nihil
702 340 846 375 tamen
869 347 1042 388 prorsus
1076 334 1339 376 occurrebat.
1374 333 1572 376 Sciebam

94 406 206 447 enim
226 418 293 446 me
314 418 530 458 nunquam
551 405 778 445 immortali
803 404 965 445 numini
985 411 1056 446 tuo
1078 418 1155 459 par
1182 406 1275 459 pari
1295 404 1570 446 redditurum.

93 477 188 518 Tua
222 476 430 529 siquidem
462 476 633 517 fortuna
664 475 965 517 remunerandi
996 475 1131 517 vicem
1164 489 1249 517 non
1282 475 1479 527 admittit,
1502 489 1572 517 ne-

93 561 175 600 que
208 553 355 588 nostra
400 546 591 600 suggerit
634 545 889 587 restituendi
932 546 1195 588 facultatem.
1245 547 1469 599 Utcunque
1505 547 1572 596 sit,

93 618 222 659 malui
265 624 409 659 tamen
454 617 610 672 plumis
655 616 828 658 aliunde
862 617 1082 670 congestis
1127 623 1329 670 tanquam
1364 616 1573 659 Graculus

92 689 317 743 Aesopeus
349 689 392 729 in
424 688 639 743 publicum
671 687 855 741 prodire,
900 694 941 728 et
973 702 1040 729 me
1073 688 1213 742 ipsum
1247 701 1419 739 scenae,
1461 688 1572 741 quod

92 759 223 811 aiunt,
258 773 309 801 ac
340 760 498 813 populo
531 758 790 800 irridendum
824 764 1070 812 praestare;
1106 765 1148 800 et
1180 759 1261 800 hoc
1293 766 1420 813 pacto
1445 759 1574 800 animi

92 831 174 871 mei
209 829 510 884 gratitudinem
544 829 782 883 dignationi
813 836 912 871 tuae
958 830 1208 884 patefacere
1242 843 1368 883 quam
1400 829 1573 882 ingrati-

92 901 250 942 tudinis
284 901 458 942 crimine
491 900 642 951 notari,
678 913 759 953 quo
793 900 898 941 nihil
930 900 1103 954 gravius
1137 900 1253 954 apud
1284 901 1442 943 Persas
1475 901 1572 942 olim

92 971 227 1013 fuisse
260 972 452 1025 legimus.
498 971 667 1012 Etenim
699 971 848 1012 Ianum
880 971 1159 1018 Pannonium,
1193 971 1410 1025 optimum,
1443 972 1573 1013 maxi-

92 1057 203 1084 mum
250 1049 422 1084 nostrae
470 1043 739 1096 tempestatis
792 1049 977 1096 poetam,
1025 1042 1101 1084 tibi
1150 1042 1231 1084 hac
1279 1043 1575 1096 praecursoria

89 1114 275 1168 epistola
319 1113 593 1167 nuncupatim
640 1112 858 1164 dicamus3
903 1114 1065 1164 Ianum,
1110 1113 1294 1166 inquam,
1343 1127 1467 1166 quam
1507 1114 1574 1155 vel

91 1185 323 1238 antiquitas
366 1184 651 1226 doctrinarum
696 1185 882 1226 omnium
926 1198 1083 1238 parens
1129 1191 1169 1226 et
1215 1185 1386 1226 alumna
1427 1185 1574 1239 procul

89 1255 220 1297 dubio
255 1256 535 1310 suspexisset.
568 1257 638 1297 Dii
669 1254 956 1297 immortales!
992 1262 1151 1308 quanta
1183 1256 1226 1296 in
1245 1256 1318 1296 1110
1341 1255 1572 1297 venustas!

92 1333 276 1379 quantus
311 1327 424 1368 dulci
457 1327 641 1380 quadam
675 1341 769 1369 cum
802 1327 1026 1369 verborum
1061 1327 1453 1380 sententiarumque
1481 1340 1574 1380 gra-

91 1398 223 1440 vitate
255 1398 399 1452 lepor!
450 1406 610 1452 quanta
653 1399 777 1440 niveo
818 1397 993 1439 candori
1037 1398 1169 1439 mixta
1202 1397 1416 1440 svavitasl
1466 1396 1574 1439 Olim
1633 1417 1635 1419 ·

90 1482 172 1522 ego
206 1475 400 1510 naturam
433 1483 517 1511 non
550 1476 595 1511 ut
626 1475 848 1524 parentem
894 1469 970 1510 sed
1002 1482 1230 1510 novercam
1262 1468 1404 1523 potius
1438 1469 1574 1511 inces-

93 1553 188 1581 sere
237 1541 453 1592 solebam;
509 1540 622 1594 quod
670 1541 879 1582 neminem
929 1540 1130 1593 Vergilio,
1177 1539 1343 1592 Ovidio,
1393 1539 1574 1589 Catullo,

88 1611 332 1665 ceterisque
352 1612 516 1666 vpriscis
550 1613 688 1666 poetis
722 1625 882 1666 parem,
918 1617 991 1651 aut
1025 1611 1177 1652 saltem
1209 1610 1442 1653 secundum
1475 1611 1575 1652 hac-

91 1689 216 1723 tenus
249 1683 482 1737 protulerit.
522 1683 645 1724 Nunc
678 1689 821 1723 autem
853 1682 1090 1736 respiciens
1123 1682 1385 1736 palinodiam
1417 1682 1576 1734 recino,

89 1760 134 1794 et
166 1760 361 1795 naturam
394 1754 531 1808 ipsam
564 1768 617 1795 110
651 1754 749 1795 dum
782 1767 867 1795 non
895 1754 1080 1804 incesso,
1114 1754 1240 1795 immo
1261 1766 1362 1795 vero
1386 1760 1429 1795 et
1448 1752 1577 1794 laudo

90 1832 133 1866 et
166 1825 339 1874 extollo,
384 1832 429 1866 ut
462 1838 571 1878 quae
612 1824 736 1866 nobis
775 1825 817 1866 in
850 1838 932 1866 uno
964 1825 1082 1875 Iano,
1131 1824 1331 1878 quicquid
1376 1824 1577 1878 Vergilio,

89 1895 259 1947 ovidio,
296 1896 477 1946 Catullo,
513 1897 754 1949 ceterisque
789 1896 1040 1937 eruditionis
1074 1909 1126 1937 ac
1157 1896 1317 1950 leporis
1348 1896 1460 1938 inest
1492 1896 1578 1937 001-

91 1967 307 2008 locaverit.
340 1968 393 2008 Et
424 1967 617 2021 profecto
652 1968 688 2008 si
721 1968 815 2020 quis
848 1967 1065 2008 literarum
1098 1980 1226 2009 verus
1248 1967 1488 2021 indagator,
1512 1967 1579 2009 cui

89 2038 204 2078 auris
238 2051 322 2079 non
355 2039 525 2080 omnino
553 2038 607 2079 sit
630 2038 801 2092 hispida
824 2044 997 2092 poetam
1019 2038 1132 2079 hunc
1154 2038 1325 2092 penitus
1348 2038 1578 2092 aspexerit,

90 2109 396 2162 intraveritque
414 2109 621 2163 legendo,
646 2109 716 2150 Dii
736 2109 963 2162 Deaeque!
989 2122 1115 2162 quam
1137 2110 1269 2151 multa
1290 2110 1333 2151 in
1356 2109 1577 2164 principio,

90 2179 133 2220 in
166 2179 322 2231 medio,
354 2180 397 2221 in
430 2180 548 2222 00100
583 2193 757 2234 operum
791 2181 883 2221 eius
917 2180 1132 2222 offendet!
1169 2179 1383 2232 Offendet,
1405 2181 1579 2233 inquam

90 2250 224 2305 digna
242 2252 364 2303 scitu,
383 2251 617 2293 imitatione
642 2252 769 2297 clara,
794 2252 898 2292 nulli
918 2265 1003 2292 non
1023 2251 1342 2293 iucundissima.
1368 2251 1414 2293 Si
1436 2251 1578 2292 herois

92 2329 217 2375 gesta
239 2323 393 2364 ducum
416 2336 492 2363 seu
516 2323 617 2376 quid
634 2323 751 2364 aliud
772 2329 931 2374 cantat,
950 2323 1183 2376 Vergilium
1204 2336 1378 2378 prorsus
1398 2322 1578 2377 effingit,

92 2393 310 2444 dixissem,
345 2401 566 2448 exuperat,
596 2395 639 2435 111
666 2395 762 2448 plus
796 2394 924 2435 nimio
958 2400 1283 2436 conterraneum
1319 2408 1459 2436 meum
1490 2395 1579 2435 lau-

92 2463 249 2516 dando,
269 2465 459 2506 mihimet
476 2466 649 2519 placere
672 2465 853 2507 viderer.
880 2464 926 2506 Si
944 2466 1092 2518 elegos
1117 2466 1208 2507 eius
1231 2467 1366 2519 leges,
1390 2465 1579 2519 ingenio-

93 2548 185 2576 sum
207 2542 349 2578 vatem
366 2536 659 2589 mellitumque
678 2536 891 2577 Tibullum
911 2535 1076 2577 credas.
1102 2535 1148 2577 Si
1169 2537 1478 2590 epigrammata
1495 2549 1579 2577 non

90 2605 307 2647 Catullum
329 2607 512 2661 amplius
536 2607 820 2649 desiderabis.
843 2607 935 2657 Hic,
955 2607 1023 2649 hic
1044 2620 1129 2649 non
1147 2607 1308 2648 fumum
1327 2621 1380 2649 ex
1397 2607 1579 2661 fulgore,

93 2677 172 2718 sed
193 2691 246 2718 ex
267 2677 382 2719 fumo
406 2677 508 2719 dare
529 2679 667 2720 lucem
691 2679 864 2732 cogitat.
897 2678 1095 2719 Ceterum
1117 2678 1227 2720 11000
1247 2679 1354 2720 alias
1379 2678 1432 2720 de
1455 2678 1579 2728 Ian03

92 2748 214 2790 cuius
246 2748 397 2790 laudes
422 2749 458 2790 si
491 2749 584 2802 quis
617 2749 685 2791 vel
719 2749 959 2791 summatim
987 2756 1249 2803 pertractare
1281 2749 1472 2796 voluerit,
1503 2748 1580 2790 erit

93 2819 284 2873 perinde,
314 2833 364 2861 ac
392 2820 428 2861 si
459 2819 634 2861 frondes
668 2821 722 2863 ab
755 2820 844 2868 Ida,
874 2827 915 2861 et
946 2833 1152 2861 summam
1185 2820 1346 2874 Libyco
1377 2819 1430 2861 de
1464 2832 1579 2860 mare

91 2897 241 2944 carpat
265 2903 432 2943 aquam.
466 2891 651 2933 Proinde
680 2892 830 2933 melius
858 2899 924 2933 est
947 2899 1091 2933 tacere
1115 2905 1242 2945 quam
1265 2904 1403 2946 pauca
1424 2890 1579 2932 dicere.
