1898 3278
1580 151 1624 183 55

144 294 208 335 Ab
241 293 408 347 Illyrico
452 293 700 334 incursabat
733 292 938 345 quottidie
979 294 1155 334 Turcus.
1205 293 1448 347 Intrepidus
1482 301 1624 334 tamen

144 364 383 405 Maiestatis
428 364 547 405 Tuae
593 363 759 404 animus
805 369 867 405 tot
910 364 1034 405 bellis
1079 364 1266 417 undique
1314 366 1625 406 circumventus

144 448 358 487 nunquam
406 434 486 475 sibi
519 433 710 475 defuisse
743 434 860 475 visus
894 441 969 474 est.
1018 434 1126 483 Quin
1161 435 1286 475 etiam
1321 442 1441 475 tanta
1473 448 1625 488 propa-

143 505 275 558 gandi
307 504 489 546 nominis
513 504 741 546 occasione
765 505 902 557 magis
935 517 986 545 ac
1016 505 1154 558 magis
1187 505 1439 558 augebatur,
1472 506 1624 546 inmor-

142 576 251 617 tales
285 575 365 616 deo
399 575 559 628 gratias
580 575 752 628 agebat,
778 575 849 627 qui
871 588 924 616 ne
949 588 1031 627 quo
1064 582 1331 629 torpesceret
1356 576 1449 616 ocio
1472 577 1625 628 quotti-

143 646 314 687 dianam
328 646 674 687 inmortalitatem
691 659 841 687 ausam
859 646 941 687 sibi
957 646 1215 699 porrigebat.
1235 646 1339 695 Quis
1354 647 1435 687 hoc
1451 647 1625 687 tandem

142 717 318 758 credere
338 716 507 770 poterit,
530 716 643 769 quod
665 717 813 758 hostes
841 729 1008 769 quoque
1027 716 1199 757 barbari
1215 717 1402 770 ingenue
1421 716 1623 769 fatentur,

141 787 347 828 Mathiam
380 793 442 829 tot
474 787 675 841 periculis
721 787 904 828 obsitum
939 800 1071 841 saepe
1104 800 1188 828 uno
1223 800 1335 828 anno
1369 801 1393 827 a
1427 794 1627 839 quattuor

142 858 288 899 mundi
306 857 499 912 partibus
523 858 742 898 rettulisse
775 858 1008 899 victoriam.
1043 858 1174 899 Immo
1199 872 1251 899 ne
1274 858 1433 899 mensis
1455 858 1624 911 quidem

143 928 283 969 adhuc
316 929 427 969 ullus
461 929 553 969 sine
598 928 777 969 victoria
810 935 987 969 exactus
1021 935 1098 970 est.
1146 929 1180 969 A
1216 929 1316 969 solis
1351 935 1498 970 exortu
1532 942 1625 982 pro-

141 998 316 1052 fligasse
361 1000 538 1049 Turcos,
585 1012 610 1039 a
651 998 950 1052 Septentrione
997 999 1216 1041 Sarmatas
1258 1007 1299 1041 et
1330 1000 1528 1049 Boemos,
1572 1000 1625 1040 ab

142 1083 299 1111 occasu
317 1069 564 1110 Vindelicos
583 1076 625 1111 et
639 1070 929 1119 Alammanos,
951 1084 976 1110 a
994 1070 1169 1111 meridie
1192 1071 1394 1123 Illyricos.
1414 1070 1553 1123 Atque
1573 1071 1624 1111 de

140 1148 319 1194 utroque
342 1141 489 1182 mundi
510 1141 772 1194 Imperatore
793 1154 925 1195 saepe
949 1154 1033 1182 uno
1057 1155 1168 1182 anno
1191 1141 1492 1195 tryumphasse
1511 1139 1624 1193 (sici)

141 1212 322 1253 alterum
355 1211 540 1263 denique
573 1211 628 1252 ad
659 1211 848 1252 indutias
882 1211 1120 1265 redegisse,
1155 1212 1210 1253 ad
1236 1226 1437 1265 magnam
1460 1212 1627 1266 imperii

139 1283 346 1324 iacturam
391 1283 584 1323 alterum.
632 1282 736 1331 Quis
768 1282 897 1335 igitur
941 1296 1044 1336 prae
1078 1283 1202 1324 nimis
1235 1283 1368 1324 livore
1408 1283 1626 1336 denegare

140 1354 265 1405 ausit,
313 1367 408 1394 eum
443 1353 513 1405 qui
547 1353 598 1395 de
634 1353 800 1394 duobus
834 1354 948 1395 orbis
981 1354 1314 1408 Imperatoribus
1346 1354 1627 1408 tryumpharit

140 1431 182 1466 et
228 1437 359 1478 saepe
404 1424 697 1478 tryumpharit,
746 1437 829 1465 non
874 1426 964 1466 iure
1010 1425 1277 1466 verissimum
1317 1439 1367 1467 ac
1399 1426 1627 1466 maximum

139 1496 443 1549 Imperatorem
479 1496 690 1549 appellari
724 1502 962 1549 opportere.
1015 1496 1094 1537 Hic
1126 1509 1252 1538 verus
1287 1503 1352 1537 est
1392 1496 1552 1537 Caesar
1585 1502 1626 1536 et

140 1579 266 1607 verus
299 1567 530 1619 Augustus,
578 1566 648 1618 qui
681 1566 864 1607 Boemos
899 1567 1060 1608 domuit
1096 1580 1256 1619 eosque
1289 1567 1331 1607 in
1364 1567 1625 1621 provinciam

139 1637 320 1690 redegit,
367 1637 438 1689 qui
481 1638 696 1678 Austriam
740 1637 782 1678 in
828 1637 1033 1679 ditionem
1079 1638 1260 1691 accepit,
1302 1639 1372 1690 qui
1407 1638 1626 1679 Sarmatas

141 1722 235 1750 cum
256 1722 414 1762 magna
437 1715 582 1761 strage
605 1708 751 1762 abegit
775 1716 816 1749 et
838 1709 891 1749 ad
921 1709 1151 1750 amicitiam
1174 1709 1355 1762 redegit,
1386 1709 1455 1761 qui
1477 1708 1626 1749 Turcis

140 1779 423 1821 munitissima
469 1779 627 1833 oppida
661 1780 815 1833 eripuit
849 1789 890 1821 et
923 1781 1033 1820 intra
1066 1781 1261 1834 proprios
1294 1779 1401 1821 fines
1435 1779 1626 1830 occlusit,

142 1851 212 1903 qui
244 1851 377 1891 Dacis
411 1857 452 1892 et
486 1850 606 1892 Getis
629 1851 722 1891 iura
756 1851 888 1902 dedit,
923 1852 994 1903 qui
1026 1851 1234 1892 Maesiam
1268 1858 1308 1892 et
1341 1851 1543 1892 Peoniam
1573 1849 1626 1890 ab

140 1921 376 1963 infidelium
420 1921 734 1963 incursionibus
767 1922 1010 1963 vindicavit.
1061 1922 1270 1971 Quorsum
1317 1922 1444 1975 igitur
1482 1921 1590 1962 haec
1605 1920 1626 1961 ἱ)

140 1993 307 2045 inquies
339 1993 618 2034 invictissime
651 1993 876 2046 princeps;
912 2006 1066 2046 nempe
1101 2000 1144 2033 ut
1182 1993 1441 2046 intelligeret
1473 1992 1627 2033 Vestra

140 2064 345 2105 Maiestas
379 2063 459 2105 sibi
493 2064 598 2105 satis
632 2077 684 2105 ex
717 2073 808 2105 arte
842 2064 1011 2105 militari
1045 2071 1086 2104 et
1108 2064 1237 2104 insita
1259 2064 1472 2119 sapientia
1495 2063 1626 2104 nomi-

141 2135 206 2176 nis
240 2142 282 2176 et
313 2135 630 2176 inmortalitatis
665 2148 954 2189 comparasse,
997 2136 1149 2188 quibus
1182 2136 1397 2176 Romanos
1429 2133 1627 2188 progeni-

140 2213 256 2247 tores
301 2213 397 2248 tuos
430 2220 456 2246 a
488 2212 529 2247 te
562 2219 647 2247 non
694 2207 830 2248 solum
876 2208 1051 2259 aequari
1085 2220 1232 2247 verum
1273 2206 1401 2247 etiam
1435 2204 1627 2259 superari

142 2277 404 2318 confitemur.
453 2276 676 2318 Accedunt
719 2284 761 2318 et
794 2278 879 2318 alia
924 2291 1033 2330 quae
1078 2277 1350 2318 Maiestatem
1394 2283 1508 2317 tuam
1542 2289 1626 2316 non

142 2348 280 2389 minus
311 2348 524 2389 illustrant
556 2355 683 2400 teque
718 2356 759 2389 et
794 2349 1020 2389 Corvinum
1054 2357 1095 2390 et
1128 2349 1363 2389 Romanum
1398 2348 1625 2388 Caesarem

143 2432 240 2460 esse
284 2420 413 2473 plane
446 2425 683 2470 testantur;
730 2420 963 2473 praeclaris
998 2420 1109 2461 enim
1156 2419 1385 2461 delectaris
1418 2418 1626 2459 aedificiis

143 2497 184 2532 et
216 2491 283 2531 his
315 2490 568 2544 praesertim
614 2503 723 2542 qnae
762 2497 1022 2532 vetustatem
1065 2491 1341 2532 aemulentur.
1389 2491 1498 2530 Nam
1532 2502 1626 2529 cum

144 2561 318 2615 Syllam,
351 2561 614 2614 Pompeium,
648 2561 869 2603 Lucullum
905 2569 946 2603 et
968 2562 1216 2615 Agrippam,
1249 2562 1351 2603 item
1372 2562 1623 2613 Augustum,

144 2632 369 2674 Corvinum
386 2632 630 2683 Messalam,
651 2633 892 2685 multosque
912 2633 1127 2674 Romanos
1148 2633 1303 2673 insana
1320 2646 1450 2686 opera
1467 2631 1625 2672 fecisse

140 2703 361 2753 lectitaris,
395 2716 504 2755 quae
536 2703 702 2745 illorum
735 2703 1097 2757 magnificentiam
1129 2704 1365 2753 refferrent‚
1404 2716 1485 2743 non
1522 2715 1626 2742 sane

143 2787 281 2827 aequo
326 2774 466 2815 animo
512 2775 686 2828 pateris,
734 2775 940 2828 Princeps
985 2775 1274 2819 invictissime,
1319 2781 1361 2815 te
1396 2775 1478 2815 hac
1511 2772 1625 2814 aedi-

142 2844 332 2886 ficiorum
364 2844 685 2898 magnificentia
719 2845 924 2899 superari,
972 2845 1048 2887 sed
1083 2845 1264 2899 priscam
1299 2845 1625 2885 architecturam

142 2916 185 2956 in
217 2916 355 2957 lucem
386 2916 623 2966 revocasti3
660 2922 701 2957 et
734 2917 815 2958 hoc
848 2916 1100 2970 praesertim
1120 2923 1326 2970 tempore,
1352 2916 1450 2957 dum
1473 2915 1625 2956 breves
