1955 3278
362 129 406 161 ἓξ

412 128 432 162 [0

366 353 433 386 110

368 708 436 742 115

372 1065 439 1098 190

375 1777 441 1810 130

375 2132 445 2166 135

378 2487 446 2521 140

380 2842 446 2875 145

486 270 841 323 Quandoquidem
875 277 1043 311 vestros
1076 269 1208 312 voluit
1242 269 1386 311 delere
1420 277 1614 324 nepotes,

542 342 628 383 Vos
662 342 789 383 etiam
823 342 934 395 turpi
967 341 1126 383 rustica
1160 341 1283 381 turba
1315 354 1436 382 nece.

486 413 559 454 Sol
592 419 821 467 postquam
854 426 1004 454 roseus
1038 413 1120 453 iam
1156 412 1268 452 mille
1302 418 1533 465 peregerat
1565 425 1715 465 3111103,

544 484 731 537 Virginis
766 498 791 525 a
824 491 949 538 partu
983 484 1158 526 saecula
1192 484 1378 536 quinque
1414 483 1537 524 simul

486 556 686 596 Iunxerat
716 556 781 596 his
805 556 971 609 gelidos
996 556 1094 596 dum
1119 555 1440 608 bisseptemque
1464 554 1729 606 decembres,

545 627 658 667 Dum
690 628 812 668 lucus
846 627 982 678 nituit,
1015 626 1181 667 frondis
1214 626 1376 667 honore
1409 625 1564 667 virens.

487 698 599 738 Dum
632 698 855 751 Zephyrus
888 697 1033 751 tepido
1068 697 1283 738 mulcebat
1316 710 1413 737 rura
1446 709 1614 748 sereno,

545 769 607 810 Ac
640 769 783 810 micuit
816 769 1005 822 pulchris
1038 767 1192 809 fertilis
1225 767 1361 808 herba
1393 767 1536 808 comis.

488 840 721 882 Rusticitas
755 839 967 892 siquidem
999 840 1177 880 multum
1210 839 1397 880 furiebat
1429 839 1471 879 in
1505 838 1633 880 armis

548 911 670 952 Tunc
704 911 881 952 demens
915 910 1133 963 gravibus,
1167 909 1367 962 bellaque
1403 909 1509 950 dura
1541 910 1684 961 movit,

490 983 611 1024 Mens
643 983 704 1023 1111
736 982 877 1022 fuerat
910 981 1104 1022 tellurem
1139 987 1305 1022 vertere
1339 993 1568 1033 nunquam,

551 1054 739 1095 Ulterius
772 1053 918 1093 tardos
952 1066 1033 1093 nec
1067 1052 1286 1093 stimulare
1319 1051 1464 1092 boves.

490 1125 656 1166 Ponere
690 1137 775 1165 non
807 1130 981 1164 teneras
1015 1130 1179 1164 maturo
1213 1130 1404 1176 tempore
1437 1123 1560 1173 viteS,

550 1196 641 1237 Nec
675 1208 824 1249 campo
859 1195 983 1236 viridi
1016 1208 1197 1249 pascere
1231 1195 1356 1235 molle
1390 1207 1536 1248 pecus.

490 1268 725 1308 Dumtaxat
758 1267 900 1307 fuerat
932 1265 1143 1319 regnandi
1178 1279 1335 1319 magna
1374 1265 1542 1319 cupido.

553 1339 786 1379 Dumtaxat
817 1337 1036 1391 praedam,
1071 1337 1270 1389 bellaque
1304 1337 1410 1377 dura
1443 1337 1579 1389 sequi.

420 1421 437 1452 ἵ
494 1410 586 1451 Η36
618 1409 783 1450 ratione
816 1409 932 1450 feros
965 1409 1102 1450 falces
1137 1408 1327 1449 mutabat
1360 1409 1403 1448 111
1437 1420 1578 1459 enses,

552 1480 692 1522 Occas
726 1488 767 1521 et
800 1480 951 1525 Buras,
985 1479 1093 1521 dura
1125 1480 1299 1520 metalla
1333 1479 1471 1529 simul,

492 1552 699 1593 Portabat
732 1552 898 1605 galeas,
933 1551 1123 1604 clypeos,
1159 1564 1401 1603 saevasque
1435 1563 1624 1601 secures,

551 1624 728 1664 Loricas
763 1623 935 1673 trilices,
972 1621 1111 1663 ferrea
1145 1628 1280 1672 scuta,
1316 1622 1460 1672 sudes,

493 1695 739 1736 Fulmineos
774 1708 917 1744 611363,
953 1701 994 1735 et
1029 1693 1182 1735 scabra
1215 1693 1411 1747 rubigine
1445 1693 1543 1734 tela.

552 1767 607 1806 Et
640 1779 923 1818 quaecunque
958 1765 1152 1806 homines
1187 1765 1447 1806 discruciare
1482 1764 1632 1805 solent.

494 1837 703 1879 Vastabat
735 1837 873 1887 villas,
909 1837 1067 1887 hortos,
1100 1836 1317 1889 pecuaria.
1353 1836 1514 1885 caulas,

551 1909 603 1949 Et
636 1908 837 1961 quicquid
869 1921 1002 1961 regno
1037 1907 1350 1948 commoditatis
1384 1914 1486 1947 erat.

492 1980 601 2021 Hinc
635 1980 848 2033 spoliabat
881 1992 1029 2019 amens
1064 1978 1255 2029 donaria,
1289 1978 1462 2031 templa,
1498 1978 1672 2029 sacella,

552 2050 854 2092 Thuricremas
889 2064 999 2101 aras,
1036 2049 1340 2102 sacrificosque
1375 2049 1505 2090 sinus.

496 2123 591 2163 Non
623 2122 739 2162 illam
772 2121 923 2176 puduit
956 2128 1100 2162 castos
1133 2121 1294 2162 violare
1328 2119 1530 2173 pudores,

553 2193 752 2234 Vestales
787 2200 973 2243 sanctas,
1008 2192 1311 2245 virgineosque
1346 2191 1524 2241 choros3

492 2263 587 2305 Non
620 2264 736 2305 illam
769 2264 905 2305 tenuit
937 2263 1180 2305 reverentia
1211 2263 1363 2315 iusque
1398 2262 1585 2313 deorum,

552 2336 647 2376 Non
681 2349 811 2386 amor,
846 2342 919 2376 aut
952 2335 1107 2388 pietas,
1141 2347 1221 2375 nec
1253 2333 1484 2374 manifesta
1516 2333 1638 2374 fides.

496 2406 744 2460 Stringebat
778 2414 917 2448 certos
950 2406 1093 2447 nervis
1127 2405 1328 2457 durisque
1363 2404 1573 2455 cathenis,

557 2478 707 2518 Traxit
739 2485 781 2519 et
813 2478 1060 2518 innumeros
1092 2477 1134 2517 in
1169 2489 1247 2516 sua
1280 2476 1394 2516 bella
1426 2475 1550 2517 viros.

496 2549 695 2590 Rusticus
729 2549 829 2590 hinc
862 2549 1025 2602 campis
1060 2548 1271 2588 exercitus
1305 2547 1394 2588 ibat
1426 2545 1599 2600 apertis,

555 2620 703 2660 Posuit
738 2627 779 2661 et
812 2621 897 2660 lato
930 2619 1083 2660 Martia
1117 2629 1259 2659 castra
1293 2618 1397 2659 solo.

496 2690 599 2731 Post
632 2691 774 2732 varias
809 2703 931 2731 arces
966 2689 1071 2730 dura
1105 2689 1330 2730 obsidione
1364 2687 1599 2742 premebat,

555 2761 746 2802 Vulcano
779 2760 943 2815 rapido,
977 2761 1198 2812 Marteque
1233 2761 1390 2813 quippe
1424 2759 1557 2812 gravi.

497 2832 715 2873 Mactabat
748 2837 925 2872 cunctos
958 2831 1074 2872 nullo
1109 2830 1352 2872 discrimine
1386 2829 1561 2884 passim,

559 2902 699 2954 Cives,
733 2901 972 2956 pontifices,
1008 2901 1371 2956 presbyterosque
1405 2901 1554 2947 bonos,
