1955 3278
1498 116 1564 149 157

85 258 260 314 vivunt),
291 274 377 302 non
409 260 452 301 in
485 260 596 310 vino,
631 259 709 300 sed
741 259 783 299 in
817 272 928 311 aqua
952 272 1053 300 suas
1081 265 1122 299 et
1149 258 1319 311 quidem
1342 264 1574 313 perpetuas

85 332 246 373 habere
287 331 429 373 sedes.
481 330 644 380 Quibus
681 330 824 371 fontes
864 328 1091 376 Castalius,
1130 344 1155 370 a
1187 343 1269 382 quo
1316 329 1574 381 Castalides,

86 402 289 444 Libetron
321 416 346 443 a
379 415 461 454 quo
501 400 771 454 Lybetrides,
807 406 848 440 et
882 400 955 440 alii
1000 406 1044 440 ut
1088 401 1281 451 Helicon,
1328 401 1574 455 Pympleus,

87 473 373 527 Hippocrene,
406 471 633 525 Aganippe
668 471 824 512 sacrati
856 477 967 518 sunt,
1003 469 1153 512 Ovidio
1186 471 1246 511 ita
1278 477 1490 513 testante:

269 592 411 635 Dicite,
446 602 544 638 quae
577 590 703 627 fontes
736 589 1004 637 Aganippidos
1039 590 1297 637 Hyppocrene

329 650 448 687 Grata
480 649 655 686 Medusei
689 650 799 697 signa
830 650 970 686 tenetis
1004 650 1104 696 equi.

205 768 259 808 Et
292 781 371 808 1100
404 767 529 808 aliter
563 766 774 820 quispiam
806 766 874 807 vel
906 765 1119 806 facundus
1152 766 1220 806 vel
1253 772 1382 819 poeta
1416 766 1574 808 efficie-

93 838 230 889 batur,
264 838 346 879 nisi
375 851 428 879 ex
449 838 516 878 his
539 837 728 879 fontibus
752 836 1041 890 degustasset.
1076 837 1214 889 Atque
1238 837 1335 878 hinc
1360 843 1438 888 est,
1463 838 1575 890 quod
1626 847 1751 877 Poetae

89 909 190 951 boni
225 914 380 963 poetae
418 908 670 949 naturaliter
706 921 804 948 rura
840 908 999 961 sylvas,
1041 913 1207 948 montes
1245 908 1420 949 urbibus
1453 922 1574 962 prae·
1588 900 1620 929 ³¹¹
1636 899 1779 958 sylviset

90 980 288 1028 tulerunt,
332 985 419 1020 tum
454 985 499 1020 ut
532 978 794 1020 commodius
827 978 936 1019 inter
968 978 1110 1019 fontes
1145 986 1187 1020 et
1231 979 1389 1020 rivulos
1432 979 1571 1021 Musa·
1592 952 1789 1035 ,ffifflfflffl

90 1064 182 1091 rum
214 1056 435 1091 uterentur
467 1049 695 1101 consortio,
729 1054 817 1090 tum
852 1055 896 1089 ut
932 1054 1053 1090 extra
1087 1050 1317 1103 populares
1359 1050 1575 1104 strepitus,

92 1127 212 1162 extra
245 1120 559 1161 merobiborum
593 1126 634 1161 et
667 1121 994 1161 temulentorum
1027 1120 1215 1172 fastidia,
1256 1127 1377 1161 extra
1409 1121 1577 1162 theatra

93 1198 135 1233 et
168 1191 311 1232 forum
352 1190 670 1245 cupedinarium
718 1190 965 1232 sublimiora
1010 1191 1205 1232 meditari
1237 1199 1441 1245 possent3
1488 1205 1577 1233 car-

92 1263 206 1303 mina
239 1261 436 1315 equidem
471 1275 691 1303 secessum
724 1261 951 1304 scribentis
975 1269 1017 1303 et
1040 1263 1135 1303 ocia
1167 1269 1364 1316 poscunt,
1399 1262 1512 1304 unde
1537 1269 1578 1304 et

94 1333 294 1375 Horatius
327 1333 508 1374 Flaccus
543 1332 685 1374 subdit
719 1332 774 1374 ad
807 1333 989 1381 Florum,
1021 1333 1081 1373 ita
1113 1333 1331 1375 scribens:

273 1442 510 1490 Scriptorum
532 1441 672 1478 chorus
697 1442 820 1478 omnis
841 1445 945 1478 amat
966 1454 1100 1479 nemus
1124 1446 1161 1479 et
1178 1442 1275 1490 fugit
1293 1443 1438 1487 urbem,

272 1502 357 1538 Rite
390 1500 510 1537 eliens
544 1501 687 1537 Bacchi
721 1512 855 1538 somno
888 1500 1092 1548 gaudentis
1126 1505 1164 1538 et
1196 1502 1355 1539 umbra:

273 1561 333 1597 Tu
365 1561 464 1597 inter
497 1561 681 1608 strepitus
716 1563 922 1597 nocturnos
956 1564 1070 1608 atque
1103 1560 1261 1598 diurnos

275 1620 341 1656 Vis
376 1631 514 1656 canere
548 1623 586 1656 et
619 1622 817 1656 contracta
851 1620 958 1667 sequi
993 1621 1158 1668 vestigia
1190 1620 1354 1657 votum?

214 1737 319 1778 Item
338 1752 346 1777 ε

946 1810 1017 1846 Η10
1052 1822 1123 1857 ego
1155 1822 1284 1847 rerum

275 1867 474 1905 Fluctibus
507 1869 544 1904 in
577 1867 714 1905 mediis
749 1871 786 1905 et
818 1869 1111 1917 tempestatibus
1145 1870 1249 1907 urbis

274 1927 403 1964 Verba
435 1928 540 1975 lyrae
575 1930 725 1964 motura
758 1939 893 1965 sonum
927 1929 1165 1965 committere
1199 1928 1368 1977 digner?

215 2045 268 2085 Et
300 2057 353 2085 ne
387 2045 556 2085 omnino
590 2044 763 2086 videare
798 2045 850 2085 de
874 2058 987 2097 aqua
1019 2045 1275 2099 triumphum
1308 2052 1470 2099 petere,
1494 2053 1584 2087 tan-
1622 2053 1670 2083 De
1693 2062 1778 2090 aqua

99 2129 225 2168 quam
259 2115 378 2157 0111113
410 2116 588 2157 virtutes
620 2116 736 2157 mille
768 2116 940 2170 penitus
974 2116 1057 2156 sint
1090 2123 1160 2157 tuo
1193 2116 1362 2169 iudicio,
1411 2117 1579 2159 discuti-
1602 2105 1797 2187 triungphum

100 2199 220 2227 amus
243 2200 346 2239 rogo
367 2186 554 2237 tandem,
572 2187 615 2227 111
634 2187 886 2239 quibusnam
910 2187 1114 2240 gradibus
1133 2188 1276 2229 vinum
1294 2190 1584 2241 praestantius
1638 2167 1677 2196 pe
1694 2167 1758 2188 ere.

100 2257 154 2299 sit
187 2256 335 2310 aqua‘?
378 2258 532 2298 Vinum
577 2258 695 2299 dices
742 2259 852 2299 inter
896 2264 1090 2299 caeteros
1129 2259 1316 2311 liquores
1358 2265 1400 2301 et
1434 2274 1585 2302 succos

99 2329 296 2370 arborum
329 2328 522 2370 obtinere
546 2329 844 2383 principatum.
878 2330 932 2369 At
954 2342 1035 2382 ego
1056 2329 1166 2370 inter
1190 2331 1403 2372 elementa
1426 2332 1584 2385 primas
1639 2341 1753 2379 Aquae

101 2404 245 2452 partes
279 2412 417 2451 aquae
452 2399 708 2440 authoritate
743 2412 998 2440 summorum
1044 2400 1226 2441 virorum
1259 2402 1467 2455 praebere
1500 2417 1583 2444 non
1621 2393 1773 2430 mysteria

101 2469 403 2520 reformidabo,
437 2476 482 2510 ut
515 2470 628 2522 quod
654 2467 698 2523 (1)
731 2471 987 2511 elementum
1022 2471 1075 2511 sit
1099 2472 1281 2513 caeteris
1304 2445 1801 2536 11111133111111111,ρἓξὲξ-ΕΞῐῐι

102 2546 221 2582 tanto
239 2540 384 2593 utique
401 2540 497 2581 vino
516 2542 820 2594 praestantius,
841 2548 998 2593 quanto
1023 2542 1237 2583 elementa
1260 2543 1482 2585 arboribus
1506 2545 1589 2585 sint
1660 2551 1734 2581 vini-

102 2611 244 2665 priora
277 2618 318 2652 et
340 2612 666 2665 praestantiora.
701 2612 825 2661 Quod
848 2612 938 2653 sine
963 2613 1185 2654 arboribus
1214 2620 1255 2654 et
1279 2615 1371 2655 31110
1393 2614 1589 2656 arborum

106 2683 245 2723 succis
278 2688 393 2723 recte
426 2682 568 2724 vivere
614 2680 753 2736 (prout
786 2689 966 2737 excepto
1001 2683 1170 2725 homine
1205 2685 1294 2726 solo
1329 2686 1469 2726 omnia
1503 2686 1590 2726 ani-

105 2753 267 2794 mantia
300 2766 470 2807 semper
500 2751 664 2808 vivunt)
697 2767 923 2807 possumus
959 2755 1049 2795 sine
1083 2768 1183 2796 vero
1217 2756 1428 2797 elemento
1453 2770 1590 2809 aquae

107 2824 289 2864 minime.
323 2824 432 2864 Nam
465 2831 596 2865 totum
627 2824 857 2865 humanum
891 2838 1027 2877 genus
1052 2825 1149 2865 olim
1174 2826 1265 2866 sine
1288 2826 1386 2867 vino
1410 2840 1486 2880 per
1509 2826 1591 2868 duo

107 2894 239 2935 millia
283 2893 469 2935 ducenta
503 2901 544 2935 et
577 2895 861 2948 quadraginta
905 2896 987 2937 duo
1033 2910 1237 2937 annorum
1279 2897 1427 2951 spacia
1468 2910 1594 2950 quam
