1955 3278
1545 149 1611 182 1:55

132 294 175 335 in
193 294 280 335 vita
301 293 401 346 quid
420 293 521 334 utile
542 293 595 334 sit
613 306 696 334 non
716 293 821 334 satis
840 293 1064 346 providere
1084 293 1195 342 sinit,
1219 293 1617 345 quantuluscunque

133 365 261 406 etiam
285 365 369 405 vini
392 365 585 406 haustus.
620 365 672 404 Et
699 377 783 405 non
805 364 939 404 solum
963 364 1119 413 vinum,
1146 364 1223 405 sed
1250 370 1292 405 et
1320 362 1497 417 sycera1
1525 375 1618 415 pro-

132 435 315 486 hibetur,
354 449 462 488 quae
496 434 730 476 secundum
764 434 1053 487 Hieronynum
1086 441 1151 475 est
1190 434 1325 476 omnis
1359 434 1474 488 potio
1508 446 1617 485 quae

132 505 343 547 inebriare
365 511 520 559 potest.
556 505 667 554 Quin
701 511 742 545 et
774 505 873 546 novi
905 504 1120 545 institutor
1146 505 1392 545 testamenti
1426 504 1618 545 Christus

134 576 321 617 salvator
338 584 484 617 noster
506 576 632 617 docet
656 589 808 617 cavere
832 588 910 616 nos
932 575 1091 616 debere
1115 576 1168 616 ab
1188 576 1259 616 illa
1280 576 1376 629 ipsa
1395 575 1617 624 ebrietate,

133 647 205 688 ubi
228 647 311 687 ait:
346 647 564 688 Attendite
597 646 732 698 vobis,
766 660 819 688 ne
852 646 961 688 forte
993 652 1224 699 graventur
1247 646 1376 687 corda
1403 652 1549 686 vestra
1576 645 1617 685 in

132 718 310 772 crapula
343 723 385 759 et
418 718 626 759 ebrietate
662 724 704 759 et
743 717 854 759 curis
887 718 1013 758 huius
1046 717 1159 757 vitae
1196 724 1236 758 et
1271 717 1545 770 superveniat
1575 716 1617 756 in

133 802 209 829 vos
241 789 314 829 illa
345 790 570 843 repentina
603 789 709 839 dies7
748 795 952 841 tanquam
984 789 1165 841 laqueus
1200 788 1311 829 enim
1346 787 1618 841 superveniet

132 859 175 900 in
209 872 356 900 omnes
402 860 474 912 qui
506 860 661 901 sedent
708 873 836 914 super
868 859 1023 901 faciem
1062 860 1198 900 omnis
1232 866 1384 900 terrae.
1434 858 1617 911 Vigilate

133 931 278 983 itaque
323 931 437 971 omni
481 937 673 984 tempore
719 937 893 972 orantes
938 936 982 971 ut
1016 930 1133 983 digni
1178 930 1423 971 habeamini
1467 929 1617 981 fugere

134 1001 277 1041 onmia
308 1001 391 1042 ista
437 1014 546 1054 quae
580 1001 722 1042 futura
768 1008 865 1042 sunt
899 1007 941 1042 et
974 1007 1088 1043 stare
1122 1008 1221 1041 ante
1255 1001 1385 1041 filium
1425 1000 1616 1040 hominis.

134 1071 240 1112 Vide
275 1077 316 1112 et
348 1072 429 1113 hoc
475 1072 587 1125 quod
633 1072 835 1126 scriptum
870 1078 935 1113 est
968 1073 1010 1113 in
1055 1072 1186 1113 Esaia
1226 1072 1438 1126 propheta
1471 1077 1618 1112 contra

132 1142 378 1196 superbiam
413 1150 454 1184 et
487 1143 738 1184 ebrietatem
770 1143 945 1184 Effraim
979 1150 1019 1184 et
1054 1143 1338 1193 sacerdotum,
1374 1143 1526 1195 quibus
1558 1142 1618 1182 ita

132 1213 292 1254 domini
313 1213 651 1267 indignationem
673 1214 938 1256 annuncians
960 1214 1154 1267 loquitur.
1178 1214 1240 1255 Ve
1265 1227 1448 1255 coronae
1473 1227 1618 1267 super-

133 1284 231 1325 biae
278 1285 406 1325 ebriis
450 1284 625 1325 Effraim
671 1291 712 1325 et
744 1284 837 1325 fiori
881 1284 1097 1326 decidenti
1141 1285 1303 1337 gloriae
1343 1285 1617 1326 exultationis

134 1356 238 1404 eius,
274 1355 344 1408 qui
371 1362 491 1396 erant
518 1355 560 1396 in
582 1356 741 1397 vertice
765 1356 889 1397 vallis
913 1356 1219 1409 pinguissimae
1245 1362 1436 1397 errantes
1457 1369 1482 1396 a
1506 1355 1615 1396 vino.

133 1427 322 1468 Pedibus
368 1427 687 1468 conculcabitur
719 1440 877 1468 corona
910 1427 1137 1481 superbiae
1172 1427 1382 1468 ebriorum
1428 1427 1616 1469 Effraim.

134 1498 334 1551 quoniam
368 1511 471 1551 prae
506 1498 603 1539 vino
636 1499 882 1539 nescierunt
915 1506 957 1539 et
989 1512 1091 1552 prae
1114 1499 1321 1539 ebrietate
1356 1505 1616 1539 erraverunt.

134 1568 348 1611 Sacerdos
395 1576 436 1610 et
481 1569 692 1623 propheta
736 1570 994 1617 nescierunt,
1040 1583 1143 1623 prae
1178 1569 1387 1610 ebrietate
1427 1569 1619 1622 absorpti

133 1646 231 1681 suut
264 1653 289 1680 a
322 1640 432 1691 vinm
480 1647 728 1681 erraverunt
759 1641 801 1681 in
837 1641 1058 1691 ebrietate,
1104 1640 1348 1681 nescierunt
1387 1640 1616 1685 videntem

133 1711 438 1764 ignoraverunt
483 1711 698 1763 iudicium,
745 1725 892 1753 omnes
927 1712 1037 1753 enim
1084 1725 1258 1753 mensae
1296 1712 1488 1764 repletae
1522 1718 1618 1751 sunt

134 1782 292 1824 vomitu
338 1782 622 1835 sordiumun
668 1783 728 1824 ita
766 1790 811 1824 ut
854 1797 938 1824 11011
985 1790 1101 1824 esset
1147 1784 1255 1823 ultra
1298 1783 1431 1824 locus.
1482 1782 1617 1831 Quem

134 1853 350 1894 docebunt
384 1853 643 1895 scientiam‘.>
677 1868 799 1907 quem
832 1855 1072 1907 intelligere
1100 1854 1260 1896 facient
1286 1853 1512 1895 auditum?
1546 1853 1618 1894 ab-

133 1925 317 1965 lactatos
350 1938 375 1964 a
397 1925 523 1975 lacte,
558 1925 731 1967 avulsos
765 1926 818 1966 ab
850 1925 1066 1975 uberibus,
1100 1926 1199 1978 quia
1224 1925 1381 1967 manda
1413 1925 1618 1966 remanda

134 2000 317 2049 expecta
362 2002 592 2049 reexpecta
624 1996 835 2038 modicum
868 1997 938 2038 ibi⁴
988 1997 1035 2036 In
1068 1997 1239 2049 loquela
1287 1997 1397 2038 enim
1443 1997 1545 2038 labii
1578 2007 1619 2037 et

132 2065 280 2119 lingua
313 2067 448 2107 altera
494 2068 690 2119 loquetur
722 2068 776 2108 ad
810 2069 1012 2121 populum
1046 2067 1170 2109 istum
1213 2068 1410 2109 dominus
1443 2068 1616 2109 dicens:

132 2136 252 2178 Haec
286 2144 352 2178 est-
396 2138 566 2190 requies
599 2152 707 2189 mea,
754 2138 917 2180 reficite
962 2140 1138 2190 lassum,
1185 2145 1227 2180 et
1259 2139 1340 2180 hoc
1375 2146 1440 2180 est
1478 2153 1617 2180 meum

132 2207 413 2261 refrigerium,
449 2215 490 2250 et
523 2209 750 2250 noluerunt
783 2210 944 2260 audire7
979 2216 1020 2251 et
1054 2210 1132 2250 erit
1166 2210 1227 2251 eis
1261 2211 1436 2251 verbum
1461 2210 1619 2251 domini

132 2278 291 2319 manda
315 2280 520 2320 remanda
544 2286 724 2334 expecta
748 2287 979 2335 reexpecta
1000 2280 1210 2322 modicum
1232 2281 1303 2331 ibi,
1327 2287 1372 2322 ut
1394 2281 1553 2323 vadant
1578 2288 1618 2322 et

133 2350 290 2391 cadant
312 2356 557 2403 retrorsum,
584 2356 625 2393 et
649 2357 922 2393 conterantur
946 2358 987 2393 et
1008 2352 1296 2405 illaqueantur
1316 2359 1357 2393 et
1380 2353 1616 2406 capiantui:

133 2421 332 2473 quoniam
376 2429 681 2475 percusserunt
726 2423 880 2464 foedus
927 2437 1022 2465 cum
1055 2429 1188 2464 morte
1235 2429 1276 2464 et
1313 2437 1405 2464 cum
1451 2423 1617 2464 inferno

132 2491 327 2533 fecerunt
348 2497 530 2546 pactum.
564 2494 619 2534 Et
642 2507 737 2535 cum
760 2495 865 2535 nihil
888 2494 1003 2535 aliud
1035 2494 1088 2535 sit
1116 2495 1316 2543 ebrietas,
1338 2495 1421 2535 nisi
1442 2495 1618 2536 rationis

133 2562 217 2603 vile
252 2563 539 2617 sepulchrum,
575 2572 615 2606 et
644 2565 883 2619 sapientiae
916 2566 1139 2619 expultrix7
1174 2566 1385 2618 quomodo
1415 2572 1618 2619 acceptus

132 2633 211 2674 erit
243 2634 436 2675 minister
479 2635 571 2689 regi
604 2649 687 2677 1101]
731 2637 1013 2690 intelligendo
1058 2649 1137 2677 nec
1183 2637 1441 2678 ambulando
1474 2638 1516 2677 in
1550 2637 1619 2678 via

131 2703 440 2745 immaculata?
474 2720 527 2746 ex
560 2720 642 2759 quo
675 2708 770 2761 ipsa
801 2714 841 2749 et
874 2708 1086 2761 sapientia
1109 2714 1150 2748 et
1171 2707 1387 2749 mundicia
1408 2708 1449 2748 in
1474 2708 1618 2761 primis

132 2774 333 2816 ministris
358 2775 427 2817 dei
450 2778 698 2819 necessaria
720 2779 786 2829 sit,
810 2792 987 2831 quorum
1010 2780 1097 2819 vita
1120 2779 1297 2820 aliorum
1317 2779 1619 2820 documentum

132 2857 229 2886 esse
264 2845 404 2887 debet.
443 2847 595 2889 Vinum
629 2856 771 2890 autem
804 2850 1061 2891 incentivum
1096 2850 1283 2891 libidinis
1318 2850 1384 2901 sit7
1420 2849 1532 2902 quod
1567 2864 1619 2890 ex

252 2936 260 2955 ¹
290 2937 420 2973 ssodito
449 2939 511 2973 ital
539 2952 558 2973 a
587 2941 776 2976 zsuhssknal
877 2943 1033 2975 sziirlwt.

1665 515 1784 553 Syn-era

1685 566 1759 605 qu'ld

1663 1094 1795 1124 Effraim

1633 1146 1783 1184 superbia
1799 1149 1829 1176 et

1660 1199 1809 1229 ebrietas.

1656 2506 1808 2536 Ebrietas

1668 2559 1802 2588 rationis

1681 2610 1783 2648 sepul-

1675 2663 1796 2694 chrum.
