1898 3278
1529 170 1573 201 59

89 319 163 354 tua
196 313 406 354 serenitas
439 319 481 354 et
513 312 792 354 celeberrima
823 312 952 363 fama,
999 326 1107 364 quae
1142 318 1272 353 totam
1309 313 1391 352 iam
1427 311 1498 353 diu
1532 320 1573 354 et

90 383 231 425 adhuc
263 389 466 438 personat
496 384 763 438 Hesperiam,
799 397 862 424 me
883 384 926 424 in
949 383 1196 424 Latinarum
1230 384 1322 425 ocio
1354 383 1572 425 literarum

89 451 356 507 (litterarum)
389 454 546 496 diutius
578 459 746 508 torpere
779 467 863 495 11011
896 454 1101 508 permisit,
1137 468 1231 495 cum
1265 454 1573 496 celebratorem

88 525 149 565 tui
180 525 376 576 nominis,
411 526 811 578 quantuluscunque
852 524 1000 575 forem,
1036 538 1133 566 esse
1173 526 1374 579 coegerit.
1426 527 1487 567 Ac
1520 539 1573 567 ne

88 595 283 637 inmerito
329 595 512 648 quidem.
563 595 801 650 Sperabam
846 596 957 636 enim
1004 609 1098 636 cum
1144 596 1286 637 divino
1332 609 1383 637 ac
1415 597 1573 638 beatis-

90 666 195 707 simo
241 673 312 708 tuo
358 667 527 707 nomine
572 667 851 708 humilitatem
898 680 1067 719 quoque
1099 680 1238 708 meam
1277 667 1489 709 illustrare
1523 681 1574 709 ac

88 737 258 778 tradere
302 737 607 778 immortalitati
645 735 981 791 (inmortalitati).
1029 738 1138 778 Nam
1177 751 1270 779 cum
1315 738 1410 778 aliis
1442 738 1573 790 facta,

89 807 184 849 aliis
219 808 334 849 dicta
364 814 544 849 naturae
575 807 786 850 beneficio
821 814 1032 862 concepta
1055 806 1296 861 (concessa)
1322 808 1405 849 sint
1429 823 1573 861 quam-

88 878 152 919 vis
183 879 226 920 in
258 885 437 932 utroque
471 893 631 933 genere
665 884 862 933 praestas
897 879 996 931 quia
1024 878 1225 931 quicquid
1258 879 1498 920 sanctitatis
1532 886 1575 920 et

89 950 251 1003 gloriae
290 950 332 990 in
376 950 591 992 foemineo
638 963 743 991 sexu
787 950 955 1003 concipi
999 955 1155 1003 potest,
1201 949 1575 1002 indulgentissima

88 1021 164 1062 tibi
208 1027 360 1062 natura
404 1021 561 1073 tribuit,
608 1034 690 1074 ego
729 1021 904 1062 tandem
950 1019 1130 1073 (tamen)
1177 1021 1277 1062 dedi
1323 1034 1497 1074 operam
1530 1029 1575 1062 ut

89 1105 370 1145 quaecunque
402 1092 655 1133 faustissimi
689 1092 740 1134 de
775 1092 1007 1133 serenitate
1041 1098 1115 1132 tua
1146 1106 1172 1133 a
1194 1092 1494 1145 Septentrione
1519 1092 1574 1133 ad

89 1176 214 1204 aures
247 1177 366 1205 meas
412 1164 606 1205 suscitati
636 1176 829 1204 rumores
869 1164 1100 1214 attulerint,
1148 1177 1200 1204 ea
1233 1163 1417 1204 dicerem
1451 1177 1573 1217 prae-

90 1233 376 1286 dicaremque,
411 1247 461 1276 ac
494 1234 662 1275 demum
684 1234 818 1275 literis
842 1232 1029 1288 (litteris)
1057 1234 1400 1276 commendarem
1425 1242 1467 1276 et
1489 1248 1573 1275 11011

89 1305 224 1345 solnm
258 1305 310 1346 de
344 1312 400 1355 te,
447 1305 524 1347 sed
557 1305 611 1346 de
645 1305 742 1347 divo
777 1318 944 1358 quoque
990 1306 1171 1346 Matthia
1212 1306 1490 1347 invictissimo
1524 1320 1574 1348 ac

90 1376 360 1418 sanctissimo
393 1390 510 1430 rege,
545 1377 726 1430 coniuge
760 1383 846 1425 tuo,
892 1378 1053 1431 pariter
1085 1377 1329 1428 scriberem,
1365 1391 1459 1418 cum
1501 1391 1574 1431 po-

89 1447 328 1488 tentissimo
376 1448 595 1500 utriusque
640 1449 803 1489 numini
855 1448 1112 1490 imbecillum
1166 1446 1446 1501 (inbecillum)
1494 1449 1574 1489 hoc

90 1531 230 1559 meum
267 1518 562 1560 insudaturum
597 1526 713 1560 esset
744 1519 975 1572 ingenium.
1027 1518 1137 1568 Quin
1171 1519 1296 1560 etiam
1344 1525 1574 1571 antequam

92 1588 146 1629 ad
168 1590 331 1630 senium
355 1589 628 1641 declinarem,
663 1590 853 1642 utriusqe
875 1590 1149 1631 serenitatem
1170 1603 1379 1643 praesens
1403 1589 1573 1630 omnino

91 1660 321 1712 visitarem,
354 1674 408 1702 ne
442 1667 528 1702 tam
565 1660 662 1702 divo
696 1662 960 1715 spectaculo,
995 1661 1107 1713 quod
1139 1674 1234 1702 raro
1267 1661 1387 1701 Deus
1421 1667 1573 1702 morta—

90 1732 202 1773 libus
245 1732 454 1786 exposuit,
499 1746 596 1773 mea
640 1732 800 1773 lumina
839 1732 1151 1773 defraudarem.
1198 1731 1361 1781 Quodsi
1400 1731 1577 1773 huiusce

90 1803 251 1844 laboris
285 1816 439 1844 causas
474 1802 726 1844 Celsitudini
748 1808 845 1844 tuae
869 1803 1110 1856 intelligere
1133 1803 1319 1852 libuerit,
1352 1802 1405 1843 ab
1430 1802 1581 1844 utrius-

93 1887 174 1927 que
207 1874 376 1915 nomine
410 1873 591 1928 profluat
625 1880 933 1927 argumentum.
967 1874 1152 1915 Mathias
1180 1874 1290 1914 enim
1315 1873 1397 1914 Dei
1420 1873 1576 1914 donum

91 1945 302 1987 Hebraice
335 1945 650 1999 interpretatur,
684 1944 737 1986 de
759 1945 878 1986 cuius
911 1945 1136 1999 sapientia,
1164 1945 1332 1995 virtute,
1368 1958 1416 1985 ac
1441 1944 1578 1998 gloria

93 2017 195 2058 alibi
239 2016 381 2058 dicere
427 2030 510 2057 non
558 2017 693 2057 solum
727 2023 792 2057 est
830 2016 1011 2067 animus,
1058 2016 1135 2057 sed
1168 2016 1210 2056 in
1245 2015 1579 2057 celebrationem

93 2088 337 2130 serenitatis
383 2088 474 2129 eius
507 2085 645 2140 (suae)
691 2087 746 2128 ad
792 2087 955 2128 senium
1003 2101 1137 2139 usque
1171 2100 1310 2128 meum
1350 2086 1579 2128 desudabit

92 2159 322 2212 ingenium.
354 2158 529 2199 Beatrix
561 2171 661 2200 vero
695 2157 795 2211 quid
829 2157 1055 2211 significet,
1089 2158 1216 2199 facile
1250 2158 1430 2210 quisque
1464 2157 1579 2198 Lati-

94 2242 174 2270 nus
206 2229 428 2283 intelligit:
469 2229 536 2271 cui
569 2228 739 2282 quidem
774 2228 931 2269 nomini
963 2234 1127 2270 tantum
1160 2229 1344 2270 numinis
1376 2229 1501 2276 inest,
1537 2235 1581 2268 111

94 2314 179 2342 11011
212 2301 347 2342 solum
380 2307 422 2341 te
454 2301 627 2342 beatum
649 2298 867 2353 (beatam),
902 2300 979 2341 sed
1003 2313 1114 2352 quae
1138 2300 1244 2341 alios
1267 2300 1400 2341 beare
1423 2299 1581 2353 possis,

95 2372 308 2413 ostendat.
350 2371 588 2425 Singularis
621 2371 724 2413 ordo
757 2371 957 2413 virtutum
992 2377 1032 2412 et
1068 2371 1342 2412 sanctissima
1377 2370 1583 2424 pudicitia

95 2449 136 2484 te
170 2443 271 2484 beat
315 2443 571 2485 universam.
623 2442 860 2483 Clementia
904 2455 1005 2483 vero
1052 2455 1102 2483 ac
1136 2442 1277 2495 pietas
1324 2449 1365 2483 et
1406 2441 1584 2495 profusa

94 2595 412 2639 virag-guirlande,
437 2594 636 2639 jobbfelo'li
662 2594 768 2629 senso
798 2594 980 2628 sarkaban
1005 2594 1151 2637 barkal)
1162 2594 1231 2627 hoz
1266 2592 1421 2627 hasonlo
1449 2593 1583 2631 madar,

96 2664 137 2689 ez
157 2654 246 2688 alatt
270 2654 382 2698 virag‚
411 2664 451 2688 ez
473 2654 560 2688 alatt
582 2653 649 2698 jul]
674 2664 770 2698 vagy
797 2653 922 2687 marha
940 2653 1023 2686 zold
1041 2652 1230 2693 1110Ζὸ11011,
1258 2655 1375 2696 gorog
1394 2651 1583 2686 korirattal

96 2711 301 2757 (MALLON
344 2711 585 2745 ΘΝΙ-ΙΣΚΕΙΧ
627 2711 655 2745 Η
683 2710 918 2754 MIaINElN),
958 2722 999 2745 ez
1027 2712 1116 2745 alatt
1141 2710 1250 2746 ismet
1274 2711 1386 2754 vira-g,
1426 2721 1467 2745 ez
1495 2710 1585 2744 alatt

97 2772 326 2815 sarkanyhoz
364 2771 519 2807 hasonlo
545 2772 642 2806 31131.
682 2773 781 2807 Lenn
809 2782 830 2806 a
855 2772 1022 2815 kezepen
1059 2770 1380 2815 Hunyadi-czimer
1412 2768 1582 2803 holloval.

96 2831 196 2865 Ettffl
227 2831 478 2875 jobbra-balra
516 2831 628 2876 virag.
672 2831 704 2865 A
732 2831 922 2876 guirlande
961 2829 1128 2864 balfelt'ili
1167 2829 1313 2863 011131311
1348 2827 1386 2863 es
1414 2829 1501 2863 fenn
1528 2828 1585 2861 kis

96 2890 250 2934 viragok
276 2891 421 2925 vannak
447 2891 691 2925 kozbesztive.
731 2890 765 2924 A
795 2890 925 2931 „Cum“
957 2887 1110 2934 C-jeben
1150 2889 1370 2923 koronazott
1401 2887 1461 2921 1161
1487 2887 1585 2921 111011-

97 2948 179 2993 kep.
206 2949 241 2983 A
271 2950 300 2983 0
322 2960 429 2994 maga
455 2950 677 2994 aranysarga
702 2950 891 2983 mezoben.
920 2947 1152 2982 Chaltacens.
1180 2948 1261 2992 Egy
1282 2947 1429 2981 olda10n
1449 2946 1492 2979 30
1514 2956 1583 2980 sor.
