1955 3278
376 137 442 169 164

372 283 413 322 in
448 281 691 335 praeceptis
732 280 838 320 meis
887 279 1126 331 ambuletis,
1174 286 1215 320 et
1252 279 1410 322 iudicia
1453 294 1550 322 mea
1592 281 1863 332 custodiatis,

373 360 415 393 et
448 352 566 393 eritis
611 351 711 392 mihi
748 351 789 391 in
824 351 1041 404 populum,
1085 358 1126 391 et
1161 364 1242 400 ego
1290 365 1360 392 ero
1405 352 1529 393 vobis
1561 352 1603 393 in
1637 352 1777 402 deum,
1818 360 1860 394 et

371 423 569 464 salutabo
602 435 679 463 vos
713 435 766 463 ex
799 422 1009 463 universis
1042 422 1377 474 inquinamentis
1410 423 1577 474 vestris,
1619 430 1661 465 et
1692 423 1859 465 vocabo

369 494 627 535 frumentum
662 500 704 534 et
736 493 1028 547 multiplicabo
1049 493 1168 544 illud,
1202 507 1281 535 nec
1302 495 1519 548 imponam
1539 494 1661 536 vobis
1684 495 1857 545 famem,

370 573 412 607 et
444 564 736 618 multiplicabo
759 564 942 606 fructum
964 565 1070 617 ligni
1103 570 1144 606 et
1177 566 1363 618 geminia
1385 563 1428 619 (l)
1451 566 1555 619 agri,
1592 573 1633 606 et
1656 578 1740 606 non
1764 575 1856 619 por-

369 638 468 679 tetis
502 637 612 677 ultra
656 636 940 690 obprobrium.
991 636 1100 676 Hinc
1133 636 1247 690 apud
1282 637 1565 689 Augustinum
1599 644 1678 688 est,
1713 650 1861 690 quem-

169 717 257 747 ldem
273 716 349 747 olim
368 708 598 751 admodum
643 707 825 748 habetur
868 708 891 748 i.
927 722 965 760 q.
999 707 1023 747 i.
1060 721 1120 748 ca.
1168 707 1372 749 detrahe:
1427 708 1576 757 „Unde
1615 708 1699 749 ista
1737 713 1858 748 tanta

161 772 499 822 circumcisiovirtus
533 792 686 832 aquae,
719 786 764 820 ut
797 792 951 833 corpus
984 785 1135 832 tangat
1169 786 1210 820 et
1243 792 1315 821 cor
1344 779 1528 821 abluat?
1561 780 1644 821 nisi
1666 780 1855 821 faciente

163 824 497 916 q,?(,g({³k}‡‡{,everbo
531 851 646 892 aliud
681 857 747 892 est
776 863 907 891 sonus
940 851 1169 897 transiens,
1209 850 1325 891 aliud
1358 851 1492 892 Virtus
1528 864 1720 893 manens,
1769 851 1854 891 De-

223 930 290 968 agit
366 923 488 963 trahe
532 922 723 972 verbum,
769 921 871 974 quid
915 921 995 961 erit
1039 921 1121 962 nisi
1159 920 1311 974 aqua‘?
1364 921 1544 963 Accedit
1583 922 1759 963 verbum
1799 921 1856 963 ad

160 981 345 1020 baptismus.
366 994 622 1035 elementum
653 1000 695 1034 et
717 992 763 1033 fit
786 992 1141 1033 sacramentum.“
1178 992 1296 1033 Idem
1323 1006 1424 1034 vero
1452 991 1513 1046 (ut
1537 993 1683 1034 scribit
1715 992 1854 1046 Beda)

364 1065 612 1106 salutiferae
659 1064 890 1105 curationis
935 1064 1137 1105 auxilium
1184 1064 1450 1105 circumcisio
1486 1064 1527 1104 in
1560 1065 1658 1117 lege
1705 1071 1856 1106 contra

363 1136 584 1190 originalis
616 1136 784 1190 peccati
806 1136 960 1176 vulnus
983 1135 1155 1188 agebat,
1179 1134 1291 1188 quod
1314 1134 1553 1190 baptismus
1576 1149 1709 1189 agere
1731 1149 1851 1177 reve-

360 1209 478 1248 lante
512 1207 677 1261 gratiae
710 1213 902 1261 tempore
936 1207 1173 1257 consuevit,
1220 1217 1402 1260 excepto
1435 1204 1558 1260 [quod
1590 1207 1713 1260 regni
1756 1220 1857 1248 coe-

361 1279 483 1320 lestis
535 1279 707 1319 ianuam
759 1278 942 1319 necdum
988 1278 1147 1319 intrare
1196 1284 1379 1331 poterat,
1429 1278 1566 1319 donec
1614 1278 1853 1320 adveniens

361 1350 707 1392 benedictionem
742 1349 877 1401 daret,
913 1350 984 1402 qui
1013 1350 1152 1403 legem
1182 1349 1325 1400 dedit3
1360 1356 1405 1390 ut
1427 1349 1563 1391 videri
1585 1349 1721 1404 possit
1744 1349 1852 1391 deus

361 1421 536 1462 deorum
568 1422 610 1462 in
646 1420 759 1462 Sion.
793 1421 846 1461 Et
878 1434 955 1475 per
981 1422 1073 1462 eius
1106 1420 1363 1474 baptismum
1397 1428 1508 1462 teste
1541 1421 1783 1475 Augustino
1806 1421 1850 1462 id

360 1493 512 1546 agitur,
546 1498 590 1532 ut
621 1506 719 1533 caro
753 1492 922 1546 peccati
955 1498 1198 1533 evacuetur.
1233 1492 1328 1533 Non
1352 1497 1495 1533 autem
1519 1492 1579 1532 sic
1601 1498 1850 1543 evacuatur,

185 1591 317 1629 Quanta
360 1570 406 1604 ut
437 1564 479 1604 in
514 1577 642 1605 carne
677 1563 1028 1617 concupiscentia
1059 1563 1208 1604 innata
1240 1576 1325 1604 non
1361 1563 1427 1613 sit,
1463 1563 1542 1605 sed
1574 1563 1698 1605 obsit.
1739 1563 1853 1604 Nam

170 1643 329 1674 miracula
360 1635 396 1675 si
430 1641 530 1688 post
573 1634 833 1688 baptismum
877 1634 933 1675 ad
966 1640 1154 1675 aetatem
1200 1635 1439 1676 naturalem
1484 1635 1752 1689 perveniunt,
1791 1635 1852 1676 ibi

206 1695 285 1726 deus
358 1706 533 1756 habent,
559 1719 652 1747 cum
676 1719 760 1758 qua
778 1712 972 1760 pugnent
995 1719 1091 1746 eam
1111 1719 1235 1758 quam
1264 1705 1496 1747 adivuante
1525 1706 1697 1747 domino
1722 1719 1852 1760 supe-

171 1757 325 1839 3323ss
358 1785 465 1829 rent,
501 1778 537 1819 si
570 1791 654 1818 non
687 1778 870 1831 gratiam
903 1778 945 1818 in
978 1790 1161 1819 vacuum
1196 1778 1478 1831 susceperint.
1515 1778 1659 1819 Taceo
1689 1777 1742 1818 de
1765 1777 1849 1819 hoc

217 1857 275 1884 est.
356 1849 469 1902 quod
503 1849 609 1890 deus
643 1849 742 1890 olim
775 1849 909 1890 multa
941 1849 1146 1891 miracula
1178 1850 1220 1889 111
1254 1849 1377 1901 aquis
1411 1855 1614 1902 operatus
1649 1849 1716 1900 sit,
1746 1849 1847 1890 dum

357 1921 479 1974 aquis
513 1928 668 1963 terram
701 1926 879 1974 tegeret.
912 1921 965 1961 Et
998 1920 1089 1961 Noe
1123 1934 1216 1961 cum
1246 1920 1344 1961 filiis
1379 1927 1420 1961 et
1442 1920 1644 1961 uxoribus
1667 1920 1710 1960 in
1733 1932 1846 1972 aqua

356 1993 611 2034 miraculose
644 2006 720 2046 pro
767 1992 1093 2033 conservatione
1139 1992 1314 2032 humani
1347 1992 1518 2045 generis
1553 1992 1755 2042 saluaret,
1802 1997 1846 2032 61

355 2064 455 2105 (111111
488 2063 541 2105 (16
565 2070 690 2117 petra
723 2063 952 2104 durissima
983 2063 1142 2117 populo
1175 2062 1411 2103 Israelitico
1434 2062 1477 2103 in
1499 2061 1683 2103 desertis
1707 2075 1849 2114 aquas

353 2135 621 2189 produceret,
655 2148 732 2188 per
754 2134 946 2188 Moysem
969 2134 1205 2175 ministrum
1231 2146 1366 2186 aquas
1395 2134 1581 2187 Aegypti
1602 2134 1645 2174 in
1669 2133 1842 2187 sangui-

352 2220 448 2247 nem
472 2212 753 2255 converteret,
785 2213 827 2247 et
851 2205 963 2259 quod
987 2207 1122 2247 maius
1153 2213 1218 2246 est
1241 2205 1340 2246 dum
1368 2206 1507 2259 ipsum
1531 2204 1842 2246 firmamentum

352 2284 393 2318 et
425 2283 558 2318 totam
591 2277 736 2317 mundi
768 2277 1009 2318 machinam
1042 2277 1085 2318 in
1118 2277 1258 2318 medio
1293 2290 1497 2329 aquarum
1540 2275 1839 2330 suspenderet,

350 2362 490 2401 aequa
520 2348 645 2389 lance
680 2348 922 2402 superiores
957 2361 1092 2401 aquas
1131 2348 1184 2389 ab
1211 2348 1485 2389 inferioribus
1520 2347 1752 2389 dividendo
1787 2360 1840 2388 ex

350 2433 463 2472 aqua
494 2419 664 2473 reptilia
697 2425 738 2459 et
771 2420 963 2460 volatilia
994 2420 1139 2461 inesse
1163 2419 1456 2473 producendo,
1491 2418 1644 2460 avibus
1666 2418 1838 2472 quidem

349 2504 506 2542 aerem,
552 2490 743 2544 piscibus
787 2504 888 2532 vero
934 2491 1126 2544 gurgites
1169 2490 1464 2543 relinquendo,
1513 2496 1555 2531 et
1599 2489 1713 2542 quod
1758 2490 1840 2531 soli

348 2575 486 2613 aqueo
527 2561 739 2602 elemento
772 2567 974 2614 tanquam
1010 2561 1191 2615 digniori
1223 2575 1307 2602 11011
1340 2561 1451 2602 male
1485 2560 1601 2611 dixit,
1637 2574 1687 2602 eo
1722 2561 1836 2613 quod

347 2646 424 2686 per
447 2646 540 2673 eam
573 2632 716 2673 futura
749 2639 840 2673 erat
862 2632 1071 2683 remissio,
1096 2640 1137 2673 et
1165 2646 1293 2686 super
1316 2646 1452 2685 aquas
1482 2632 1654 2686 spiritus
1677 2631 1837 2673 domini

346 2709 446 2744 ante
494 2703 640 2744 mundi
686 2703 1031 2745 constitutionem
1079 2703 1311 2745 ferebatur.
1367 2704 1525 2744 Terrae
1573 2717 1674 2745 vero
1721 2704 1834 2744 male

346 2773 451 2814 dixit
482 2774 525 2814 in
558 2775 760 2828 operibus
794 2775 977 2815 hominis
1011 2788 1103 2816 cum
1149 2774 1284 2815 Adam
1319 2774 1372 2815 de
1405 2774 1607 2829 paradiso
1647 2774 1834 2816 eiiceret.

345 2844 453 2885 Hinc
497 2844 633 2886 videri
676 2852 832 2899 potest,
880 2845 993 2898 quod
1040 2844 1250 2886 Christum
1298 2845 1396 2886 dum
1440 2846 1483 2886 in
1527 2845 1650 2886 terris
1682 2852 1833 2899 ageret

343 2915 557 2956 rarissime
602 2916 724 2969 legas
759 2929 924 2967 carnes,
974 2916 1227 2970 saepissime
1261 2929 1360 2957 vero
1394 2917 1538 2970 pisces
1575 2915 1833 2958 comedisse,
