1955 3278
1496 103 1560 137 291

84 244 394 286 effectionibus.
426 245 488 287 Ac
509 245 713 286 Iohannis
745 245 1073 298 Regiomontani
1094 247 1360 289 sermonibus
1382 254 1424 289 et
1446 248 1563 289 fami-

82 316 266 357 liaritate
313 316 374 357 ita
418 316 659 357 delectatus
692 321 771 365 est,
816 321 861 356 ut
894 317 1061 367 quoties
1100 318 1142 357 in
1176 318 1315 358 aulam
1348 319 1563 369 veniebat,

83 400 258 428 mensae
303 400 398 428 eum
437 400 541 428 suae
573 386 811 437 adhiberet,
856 387 988 427 multa
1020 388 1244 430 sciscitans
1290 388 1342 430 de
1381 390 1564 431 motibus

85 457 301 498 stellarum
320 464 361 499 et
380 457 432 498 de
450 457 579 499 variis
595 463 773 498 naturae
792 457 1016 498 miraculis.
1036 457 1303 512 Stipendium
1322 460 1449 501 etiam
1467 460 1565 502 huic

84 541 240 569 annum
263 541 417 569 aureos
441 528 649 569 ducentos
672 527 800 568 dedit.
836 527 891 568 Et
914 529 1067 569 multos
1094 529 1206 570 viros
1235 530 1382 571 doctos
1402 531 1565 572 mathe-

84 604 242 640 matum
275 599 458 640 cultores
493 599 633 640 evexit
665 597 720 639 ad
752 598 927 652 fastigia
959 598 1163 640 honorum
1197 601 1563 654 amplissimorum.
1599 655 1603 663 Ι

85 784 290 820 Michael
302 783 558 830 Episcopus
573 783 895 820 Milkoniensis
912 784 1029 820 acin
1044 784 1243 822 ecclesia
1259 785 1566 832 Strigoniensi

83 850 134 885 in
158 848 507 896 pontificalibus
532 848 735 885 vicarius
769 850 816 885 et
843 859 1085 885 causarum
1119 850 1301 886 auditor
1333 851 1564 897 generalis

85 914 296 951 omnibus
330 915 378 950 et
410 913 608 960 singulis
642 913 841 950 dominis
874 915 1054 951 clericis
1086 914 1378 951 beneficiatis
1405 917 1450 951 et
1475 927 1567 953 non

84 980 389 1025 beneficiatis,
416 981 590 1017 curatis
617 981 663 1017 et
690 991 781 1017 non
808 980 996 1024 curatis,
1026 982 1327 1019 ecclesiarum
1353 981 1564 1029 plebanis

86 1048 133 1083 et
161 1056 317 1083 eorum
346 1045 719 1092 vicegerentibus
748 1047 795 1083 et
821 1046 937 1092 alias
970 1057 1340 1094 quarumcunque
1369 1048 1564 1095 dignita-

85 1114 186 1164 tum*
216 1111 368 1147 titulis
399 1111 649 1158 insignitis,
681 1111 731 1147 in
758 1113 804 1148 et
835 1113 919 1149 sub
953 1112 1128 1148 diocesi
1160 1112 1483 1149 iurisdictione
1518 1116 1565 1149 et

84 1175 328 1224 provincia
363 1176 514 1213 dictae
550 1177 773 1213 ecclesiae
808 1176 1117 1223 Strigoniensi
1152 1179 1267 1224 (iyqss)
1302 1178 1566 1214 constitutis

86 1243 133 1278 et
160 1241 549 1278 commorantibus
579 1242 785 1278 Salutem
811 1244 858 1279 et
882 1244 1127 1289 paternam
1154 1243 1203 1279 in
1225 1243 1408 1279 domino
1437 1244 1567 1280 bene-

683 1307 971 1343 dictionem.1

207 1393 506 1448 Superioribus
539 1394 691 1435 diebus
736 1395 974 1448 recepimus
1009 1394 1051 1435 in
1084 1394 1297 1435 mandatis
1330 1408 1355 1435 a
1388 1396 1568 1437 serenis-

86 1465 192 1506 simo
225 1464 415 1519 principe
461 1465 629 1506 domino
662 1465 836 1516 Mathia,
875 1465 1135 1518 Hungariae,
1180 1465 1426 1515 Bohemiae‚
1466 1466 1567 1507 Dal-

86 1536 257 1587 matiae,
313 1535 510 1577 Croatiae
557 1542 637 1578 etc.
691 1536 810 1589 Rege
858 1536 1149 1587 invictissimo,
1204 1536 1374 1578 domino
1422 1544 1567 1578 nostro

86 1606 409 1660 gratiosissimo,
455 1613 666 1659 quatenus
712 1607 764 1648 de
801 1607 924 1648 modo
962 1613 1003 1647 et
1035 1607 1204 1648 rubrica
1246 1607 1382 1661 ipsius
1428 1608 1567 1649 almae

88 1678 299 1719 ecclesiae
334 1677 640 1731 Strigoniensis
674 1678 927 1719 breviarium
961 1685 1195 1719 correctum
1228 1691 1303 1732 pro
1337 1679 1570 1733 exemplari

87 1762 216 1802 super
247 1749 362 1790 horis
395 1749 613 1790 canonicis
645 1749 906 1802 peragendis
941 1749 992 1789 de
1026 1755 1217 1802 tempore
1253 1755 1294 1790 et
1326 1749 1378 1790 de
1408 1750 1569 1791 sanctis

87 1819 249 1860 diurnis
298 1825 340 1861 et
386 1820 620 1871 nocturnis,
673 1819 982 1872 circumspecto
1030 1819 1281 1861 Theobaldo
1329 1820 1470 1873 Feger
1515 1820 1568 1861 de

86 1891 287 1932 Kirchem
320 1891 492 1932 librario
526 1891 938 1944 ad-imprimendum
971 1891 1093 1944 plura
1114 1891 1327 1932 breviaria
1354 1904 1429 1945 pro
1453 1891 1570 1932 horis

89 1962 306 2004 canonicis
338 1963 457 2003 iuxta
479 1962 724 2004 sanctiones
752 1962 982 2003 canonicas
1004 1961 1266 2015 peragendis
1289 1962 1568 2004 traderemus.

206 2065 216 2085 1
244 2066 299 2100 Az
325 2067 483 2100 1484-iki
509 2067 728 2111 esztergomi
754 2066 1045 2100 breviariumban
1072 2077 1092 2099 a
1110 2066 1238 2110 naptar
1257 2069 1400 2110 mo‘gott
1425 2066 1487 2101 fol.
1514 2066 1567 2100 71)-

87 2125 120 2159 A
146 2125 271 2170 konyv
291 2127 404 2161 czime
432 2126 507 2170 (fol.
528 2126 600 2168 Sa)
627 2137 649 2158 a
670 2125 876 2160 kovetkezo'
895 2138 901 2158 :
934 2125 1084 2169 „Incipit
1104 2125 1320 2159 breviarium
1341 2126 1385 2160 de
1405 2128 1570 2169 tempore

88 2187 124 2219 et
151 2185 309 2219 sanctis.
338 2186 446 2220 etiam
473 2196 662 2220 commune
701 2188 907 2219 sanctorum
934 2195 998 2228 per
1024 2185 1107 2217 anni
1138 2185 1332 2218 circulum.
1361 2185 1459 2218 iuxta
1487 2196 1569 2219 con-

90 2244 320 2280 suetudinem
346 2248 382 2279 et
407 2245 512 2278 ritum
552 2255 653 2279 sacre
681 2244 836 2278 ecclesie
864 2243 1138 2288 Stffigoniensis,
1177 2244 1330 2287 imprimi
1361 2245 1570 2278 mandatum

87 2315 153 2348 per
179 2304 450 2339 serenissimum
476 2304 676 2348 principem
692 2329 699 2336 .
726 2303 910 2337 dominum
948 2303 1119 2336 Mathiam
1146 2302 1351 2347 Hungarie.
1373 2303 1546 2337 Bohemie
1563 2330 1571 2337 .

88 2364 272 2398 Dalmacie
289 2392 295 2397 .
316 2362 466 2398 Croacie
485 2366 552 2397 etc.
580 2364 719 2408 Regem
737 2363 1026 2397 invictissimum.
1054 2362 1161 2395 Anno
1180 2362 1316 2395 domini
1333 2389 1338 2395 .
1353 2362 1387 2395 M
1402 2389 1409 2396 .
1425 2362 1545 2397 CCCC
1563 2392 1569 2397 .

88 2422 298 2457 LXXXIIII.
341 2422 480 2457 Idcirco
507 2432 633 2456 omnes
661 2422 781 2457 clerici
807 2421 966 2455 diocesis
994 2420 1135 2464 prefate
1163 2421 1210 2454 ad
1236 2431 1328 2464 quos
1356 2431 1398 2455 ex
1423 2422 1570 2464 impres-

90 2482 192 2517 sione
218 2482 426 2516 huiusmodi
464 2482 680 2516 breviarium
718 2481 945 2525 pervenerit:
985 2480 1089 2524 iuges
1128 2480 1283 2514 fundant
1315 2480 1360 2513 ad
1387 2480 1570 2515 dominum

89 2542 205 2576 iesum
228 2551 378 2584 preces.
398 2551 463 2584 pro
481 2541 581 2575 felici
599 2541 773 2585 regimine
790 2568 796 2574 .
815 2551 904 2584 pace
925 2567 931 2573 .
953 2543 988 2573 et
1014 2539 1255 2582 prosperitate
1283 2539 1446 2573 eiusdem
1470 2540 1571 2574 Illus-

88 2601 238 2635 trissimi
253 2629 260 2636 .
279 2601 453 2645 principis
489 2601 661 2645 quamdiu
686 2602 784 2635 vivet
809 2601 845 2634 in
871 2600 1037 2633 humanis
1053 2626 1060 2633 .
1080 2602 1116 2633 et
1141 2601 1179 2632 vt
1204 2602 1290 2642 post
1322 2599 1400 2633 eius
1433 2599 1570 2633 obitum

90 2671 170 2695 cum
198 2661 274 2694 suis
299 2660 470 2695 fidelibus
495 2661 589 2694 inter
615 2660 825 2705 angelorum
852 2660 995 2703 agmina
1022 2658 1131 2692 vitam
1171 2661 1415 2702 consequatur
1441 2659 1570 2702 sempi-

90 2723 227 2754 ternam
253 2719 402 2754 Amen.“
431 2719 465 2753 A
490 2720 615 2763 ko'nyv
639 2718 757 2764 vegen
783 2718 859 2763 (fol.
880 2719 995 2761 Slqj:
1028 2718 1141 2758 „Finit
1169 2717 1385 2751 breviarium
1412 2717 1456 2751 de
1482 2720 1569 2751 tem-

90 2789 178 2823 pore
205 2781 242 2813 et
267 2778 426 2813 sanctis:
452 2779 561 2813 etiam
594 2788 782 2813 commune
815 2781 1021 2812 sanctorum
1054 2788 1117 2820 per
1143 2777 1226 2810 anni
1259 2777 1452 2810 circulum.
1472 2776 1569 2810 iuxta

91 2838 368 2872 cosuetudinem
407 2840 443 2872 et
480 2837 586 2871 ritum
625 2847 726 2872 sacre
765 2837 921 2872 ecclesie
958 2835 1242 2880 Strigoniensis.
1268 2834 1376 2869 Anno
1407 2835 1567 2869 domini.

91 2897 124 2930 M
141 2925 145 2930 .
163 2895 282 2932 CCCC
299 2923 305 2930 .
320 2895 549 2931 LXXXIIII.“

1359 2965 1425 2998 19*
