1955 3278
329 120 399 154 310

326 346 396 380 470

329 705 398 739 475

328 1060 398 1095 480

331 1418 399 1452 485

331 1776 402 1810 490

334 2134 403 2167 495

338 2491 406 2526 500

342 2847 410 2881 505

476 264 662 306 Numina
694 265 810 307 bella
844 266 970 318 cient,
1005 272 1048 309 et
1081 265 1164 307 iam
1199 265 1281 307 sibi
1314 267 1488 309 conscia
1518 268 1646 310 tellus

476 335 644 378 Gnarus
666 343 708 378 et
729 337 823 390 ipse
846 342 956 378 rotat
978 350 1092 379 nunc
1113 336 1293 378 fulmina
1325 338 1516 380 cominus
1549 339 1700 381 aether

474 409 608 450 Totus
640 409 683 449 in
717 422 835 449 arma
866 422 1009 461 ruens,
1042 409 1288 461 infestaque
1321 409 1456 463 prelia
1489 410 1688 453 miscens.

475 481 537 522 Ac
570 480 606 522 si
638 480 864 533 Phlegreis
897 493 1101 535 superum
1134 486 1318 522 certaret
1350 481 1393 522 in
1427 481 1541 523 arvis

474 551 621 593 Turba
655 551 893 605 Giganteos
925 551 1056 605 fregit
1089 565 1180 593 cum
1215 552 1407 605 Iuppiter
1440 566 1571 594 ausus

475 623 530 664 Et
562 628 842 665 coacervatos
875 629 921 664 ut
953 623 1104 664 Pelion
1137 622 1279 664 Ossan
1314 622 1542 678 Olympum

477 695 662 748 Fulgere
696 694 853 736 deiecit
885 707 1138 747 quecunque
1172 694 1366 748 potentia
1399 695 1491 743 ccli.

475 765 565 807 Iam
598 765 712 806 Mars
747 777 875 814 sevus
909 764 1034 806 adest
1063 765 1230 807 validos
1253 766 1368 807 volet
1391 767 1452 807 ire
1475 780 1552 820 per
1575 780 1703 809 enses

476 837 538 878 Ac
570 837 752 878 Bellona
784 836 945 885 furens,
980 842 1022 877 et
1055 837 1141 878 iam
1172 837 1315 885 letalis
1347 838 1456 879 Enio

476 908 625 949 Vibrat
658 908 746 949 tela
778 921 907 949 manu
941 914 983 949 et
1015 914 1170 949 tenues
1202 909 1523 950 transverberat
1557 922 1684 951 auras

476 979 637 1021 Ictibus
670 979 907 1021 horrisonis
941 992 1089 1020 omnes
1123 993 1173 1021 ac
1206 986 1410 1034 provocat
1442 980 1605 1023 hostes.

481 1050 663 1100 Quantis
696 1051 768 1092 ille
802 1050 924 1091 ferax
958 1051 1133 1092 satiabit
1167 1051 1363 1092 cladibus
1396 1064 1494 1093 oras

477 1122 590 1172 Quot
623 1123 787 1163 Turcos
819 1122 863 1162 in
897 1128 1041 1176 strage
1076 1122 1195 1163 dabit
1228 1129 1329 1175 quot
1362 1123 1572 1176 sanguine
1607 1123 1703 1165 fuso

475 1193 660 1247 Agmina
692 1199 937 1247 prosternet
968 1193 1119 1235 victrix
1149 1194 1344 1248 ingentia
1375 1194 1489 1236 ferro

476 1265 753 1306 Vuladislaus
788 1278 937 1318 eques,
970 1278 1070 1307 caro
1105 1278 1200 1306 cum
1232 1265 1364 1307 fratre
1397 1266 1559 1307 Ioanne

479 1337 696 1391 Exoptata
729 1336 822 1378 dies
855 1342 1049 1378 veterum
1082 1337 1329 1390 maioraque
1362 1350 1497 1391 regna

480 1408 566 1449 Vos
598 1421 752 1450 moneo
786 1408 1020 1450 adventare
1056 1408 1194 1459 modo,
1233 1408 1400 1450 rediere
1434 1415 1611 1450 senatus

478 1480 576 1521 Iura
609 1480 719 1522 sacri
755 1480 1009 1533 Latiumque
1043 1486 1198 1534 potens
1232 1480 1313 1521 sibi
1344 1480 1503 1522 vinciet
1536 1481 1681 1522 orbem

476 1552 569 1593 Hec
601 1551 854 1606 peragenda
891 1552 1018 1593 docet
1049 1551 1178 1593 liceat
1210 1565 1295 1592 non
1328 1564 1464 1604 usque
1497 1552 1652 1593 morari

477 1623 569 1665 Nec
602 1624 787 1664 tolerare
811 1636 952 1665 moras
984 1623 1282 1664 Vuladislaum
1305 1623 1515 1664 accersite
1542 1623 1705 1677 Regem

478 1695 680 1747 Aequora
711 1694 956 1736 turbantem
989 1700 1214 1747 terrasque
1243 1707 1417 1735 movere
1451 1702 1706 1747 coquentem

483 1766 706 1808 Classibus
730 1766 773 1806 in
800 1772 978 1820 pontum
1011 1765 1153 1806 missis
1186 1765 1297 1806 freta
1329 1766 1462 1819 longa
1482 1773 1706 1819 parantem

479 1837 693 1879 Exercere
728 1836 850 1889 odiis,
884 1837 1128 1889 vexillaque
1161 1837 1273 1878 ferre
1308 1843 1497 1878 cruenta.

481 1909 759 1962 Hostilesque
790 1909 931 1961 tubas,
966 1915 1141 1950 sanctas
1164 1914 1209 1948 ut
1230 1909 1274 1948 in
1296 1908 1421 1949 hoste
1448 1908 1706 1962 phalanges,

483 1981 724 2034 Augustum
758 1980 975 2022 celebrate
1009 1981 1139 2021 alium
1172 1993 1298 2033 quem
1332 1985 1474 2021 castra
1506 1985 1708 2021 verentur

482 2053 681 2104 Maxima,
715 2052 924 2094 bellorum
957 2052 1116 2105 regalis
1149 2065 1309 2105 pompa
1342 2056 1518 2092 coronat

482 2124 819 2176 Innumerosque
854 2123 1000 2174 duces,
1035 2129 1078 2164 et
1110 2123 1250 2164 claros
1282 2127 1457 2176 propter
1488 2121 1674 2162 honores

485 2195 666 2249 Semper
697 2195 790 2237 avis
824 2195 1049 2247 atavisque
1085 2194 1244 2236 decens
1277 2193 1467 2247 Vngaria
1499 2192 1667 2234 mansit.

483 2266 680 2308 Proferet
712 2267 932 2320 imperium
966 2278 1100 2320 regno
1134 2265 1412 2317 sobolemque
1445 2269 1664 2318 potentem

483 2338 662 2380 Attollet
694 2337 831 2392 patrio
866 2337 1145 2392 collapsaque
1178 2336 1341 2389 templa
1372 2334 1548 2376 novabit

484 2410 624 2462 Atque
658 2409 807 2451 domos
843 2414 1015 2459 statuet,
1049 2408 1181 2449 velut-i
1214 2420 1308 2449 cum
1340 2406 1519 2447 thureus
1552 2405 1643 2446 ales

484 2480 660 2535 Assyrio
694 2486 872 2521 renovat
904 2479 1004 2521 nido
1038 2478 1140 2520 data
1171 2477 1363 2519 membra
1394 2477 1532 2530 rogali

486 2552 677 2600 Flamme
702 2551 927 2593 Sicannios
950 2548 993 2605 (1)
1017 2550 1205 2605 phoenix
1228 2549 1328 2590 dum
1352 2547 1520 2590 scandit
1541 2546 1706 2588 odores.

489 2623 600 2673 Quin
633 2623 763 2664 etiam
795 2623 921 2664 Ideos
957 2620 1177 2676 superabit
1208 2621 1344 2661 Marte
1377 2618 1614 2672 triumphos

485 2694 771 2748 Armipotens,
806 2693 1035 2746 multisque
1067 2697 1187 2746 petet
1221 2691 1478 2745 cognomina
1510 2689 1646 2731 terris.

485 2766 577 2807 Hoc
610 2766 762 2819 clypeo
794 2765 968 2806 indutus
1000 2764 1212 2818 galeaque
1245 2762 1426 2816 insignis
1461 2768 1503 2802 et
1535 2774 1638 2802 ense

489 2837 679 2889 Belliger
710 2836 911 2877 Albertus
944 2835 1133 2875 fraterno
1167 2834 1333 2875 vinctus
1367 2845 1509 2873 amore

487 2907 648 2948 Tradet
680 2907 774 2948 iura
807 2907 943 2955 simul,
977 2905 1295 2957 metuendaque
1329 2904 1503 2944 numina
1535 2901 1702 2944 castris.
