1919 3273
247 228 341 279 Quo
373 233 518 268 tamen
549 238 676 267 versu
707 223 960 265 modulabor
991 224 1101 265 acris

318 298 465 350 Gesta,
499 297 662 351 plectro
695 295 757 336 sic
788 295 960 335 Domini
993 302 1172 337 sonante

118 382 161 415 35
317 370 442 411 Errat
471 368 633 409 incerto
665 379 762 407 mea
794 365 915 407 Musa
947 380 1100 420 gressu

377 440 433 481 Et
464 438 575 492 fugit
606 438 728 479 ultro.

247 523 457 576 Principis
489 521 598 562 tanti
630 519 910 561 memoranda
941 520 1053 562 bello

318 594 511 634 Dextera
543 592 698 643 evivat,
731 591 954 644 renuitque
989 592 1119 633 virtus

320 663 525 705 Barbiton
558 669 760 714 nostram,
794 662 994 715 graviora
1025 676 1208 715 querens

120 746 166 780 40
379 735 564 776 Pectora
594 733 719 774 vatis.

250 818 345 860 Non
380 817 485 859 satis
518 817 642 858 nobis
675 816 803 857 animi
837 815 1047 857 dederunt

321 889 442 940 Fata,
477 901 558 941 quo
592 900 764 942 possem
796 886 966 929 fremitu
999 887 1110 929 ciere

322 960 457 1009 Bella,
492 972 573 1012 que
607 972 778 1013 semper
804 959 996 1012 patulum
1029 972 1106 1012 per
1134 959 1279 1000 orbem

382 1030 578 1083 Armiger
610 1030 709 1084 egit.

123 1126 168 1158 45
253 1113 439 1155 Bellicos
473 1112 608 1154 sensit
638 1113 802 1154 Boreas
833 1112 1013 1165 furores,

326 1183 421 1234 Qua
453 1190 582 1238 caput
613 1184 814 1226 Phoebus
837 1184 1013 1226 nitidum
1034 1184 1242 1235 recondit,

327 1254 506 1308 Quaque
541 1255 760 1308 consurgit
792 1262 865 1296 tua
897 1255 1012 1296 fama
1045 1255 1181 1309 fulget

386 1325 481 1376 Qua
512 1325 614 1367 furit
646 1332 804 1367 auster.

255 1409 321 1450 Tu
354 1408 493 1460 dabis,
527 1409 743 1464 princeps,
776 1409 945 1451 veniam
978 1409 1165 1463 benigne

129 1492 172 1526 50
330 1480 376 1522 Si
407 1486 503 1521 tuas
535 1479 687 1521 laudes
720 1487 857 1533 taceo,
891 1480 1012 1521 dolor
1043 1494 1110 1522 me

331 1550 523 1602 Conficit,
556 1552 747 1605 languet,
780 1551 879 1604 quia
911 1553 1067 1593 mentis
1102 1552 1229 1593 ardor

388 1622 577 1664 Prodere
609 1628 740 1663 tanta.

259 1705 454 1747 Nestoris
486 1705 635 1747 vincas
667 1704 835 1746 validus
869 1711 1103 1757 senectam,

333 1776 513 1831 Semper
545 1782 587 1817 et
618 1776 739 1818 vivas
773 1776 913 1817 animo
946 1777 1073 1818 beato

133 1860 175 1892 55
332 1848 557 1902 Temporis
590 1847 719 1902 prisci
750 1847 935 1889 revehas
968 1855 1013 1888 ut
1047 1860 1184 1888 annos

391 1919 508 1960 More
540 1919 744 1973 parentis.

264 2003 458 2057 Augurat
490 2002 526 2043 si
559 2001 660 2055 quid
691 2002 764 2056 pia
796 2001 926 2043 corda
958 2008 1116 2052 vatum,

334 2074 530 2115 Forsitan
564 2073 701 2127 pelles
734 2072 878 2127 gladio
912 2078 1130 2126 tyrannos,

336 2144 418 2195 Qui
449 2145 550 2198 iugo
583 2150 743 2186 vexant
773 2144 929 2185 misero
962 2143 1159 2184 Latinum

136 2225 180 2259 60
395 2216 561 2257 Nomen
593 2221 635 2257 et
666 2215 826 2257 urbem.

266 2299 358 2340 Hoc
388 2298 466 2340 tibi
497 2304 613 2340 certo
647 2298 799 2340 cecinit
834 2297 997 2351 sybilla

336 2369 512 2421 Eubois,
545 2375 649 2410 nutu
682 2374 1002 2420 memorantque
1035 2367 1198 2417 Manes,

337 2440 579 2495 Principem
610 2453 664 2482 ne
697 2446 739 2481 te
775 2445 979 2494 superent
1010 2451 1183 2479 avorum

397 2512 612 2566 Tempora
642 2512 742 2560 leta.

141 2604 184 2637 65
257 2594 346 2636 Iam
378 2595 475 2636 vale
506 2595 664 2643 invicte
698 2595 858 2636 sobolis
893 2606 1087 2635 screnum

341 2666 504 2708 Lumen
538 2672 581 2707 et
612 2665 740 2707 robur
771 2665 943 2719 generis
976 2662 1147 2714 vetusti,

343 2736 412 2779 Sis
444 2751 606 2779 memor
637 2737 770 2778 nostri
802 2736 1010 2791 petiturus
1043 2733 1147 2775 astri

402 2807 537 2849 Morte
571 2808 758 2850 Solutus.

133 2948 165 2975 E.
180 2941 281 2976 Anat:
302 2948 462 2976 ΑκΑιεετΑ
482 2955 569 2974 κονΛ.

1445 70 1513 110 353

1357 2928 1404 2962 23
