1898 3278
1530 163 1575 195 δῖ’

96 321 240 350 00111111
273 309 476 348 montium
510 306 695 347 claustra
730 318 776 345 se
805 318 989 357 suosque
1010 305 1118 346 fines
1140 306 1250 346 tueri
1272 318 1412 359 posse.
1444 305 1576 347 Immo

97 378 133 420 si
165 377 266 430 quid
298 377 555 418 obstinatius
589 375 748 417 audere
782 375 1058 429 perrexerint,
1103 375 1296 429 profecto
1329 376 1575 427 verendum,

95 463 150 490 ne
193 448 251 488 ita
298 447 438 488 aliena
483 445 715 487 defendere
761 445 1036 496 contendant,
1083 452 1127 486 ut
1159 460 1234 499 pro
1279 447 1384 487 suis,
1407 446 1576 488 demum

96 517 296 560 dimicare
331 523 547 570 cogantur.
580 515 880 569 Hcomburgum
905 522 1076 569 captum
1097 516 1293 567 vidimus,
1325 517 1368 558 in
1389 517 1578 559 Danubii

95 589 188 643 ripa
222 589 371 637 situm3
419 593 709 642 expugnatam
754 600 921 639 quoque
967 586 1061 639 ejus
1107 601 1247 629 arcem
1294 589 1577 642 suspeximus,

96 660 229 700 monti
259 659 500 713 impositam
533 657 791 708 editissim03
826 671 951 710 quam
983 671 1069 698 11011
1100 658 1234 699 solum
1267 659 1467 711 humana,
1502 659 1579 701 sed

96 745 150 772 ne
183 730 387 783 gigantea
420 729 589 781 quidem
611 729 788 770 audacia
811 741 1022 782 occupare
1045 729 1267 782 potuisset.
1304 729 1579 771 Contractam

97 800 395 855 (confractam)
428 801 603 849 Lavam,
638 800 815 851 Retiam,
848 800 1237 853 Engeburgamque
1266 802 1579 854 spectavimus,

98 886 207 925 quae
229 885 312 912 11011
335 880 421 912 tam
444 872 706 925 pertinaciae
725 872 881 925 poenis,
901 884 1027 923 quam
1051 871 1377 912 erubescentiae
1401 872 1580 912 stimulis

97 943 369 996 augebantur
400 940 716 996 (angebantur).
756 942 994 994 Pleraeque
1028 954 1124 982 sese
1157 941 1329 983 victoris
1362 942 1498 995 gloria
1540 951 1580 983 et

97 1014 325 1055 clementia
340 1013 692 1063 consolabantur;
712 1012 1060 1065 quandoquidem
1076 1026 1168 1053 cum
1187 1013 1267 1063 his,
1284 1026 1394 1065 quae
1409 1013 1580 1055 facilem

98 1083 360 1126 dedicionem
396 1081 690 1137 (deditionem)
724 1083 894 1124 fecisset
931 1081 1183 1136 (fecissent),
1222 1083 1408 1137 benigne
1442 1091 1582 1124 actum

99 1161 228 1206 esset,
263 1162 303 1196 et
331 1155 374 1196 in
395 1155 638 1209 pertinaces
662 1154 776 1195 haud
799 1168 992 1195 severum
1014 1154 1199 1205 (seuere)
1224 1155 1578 1196 animadversum.

99 1226 351 1268 Ulteriorem
384 1226 611 1271 Austriam,
644 1224 787 1277 felicia
820 1232 963 1266 castra
998 1225 1147 1275 secuti,
1181 1226 1478 1276 lustravimus3
1512 1226 1585 1268 ubi

98 1309 249 1351 pagos,
279 1303 322 1337 et
345 1296 486 1350 opida.
512 1310 621 1348 quae
647 1297 741 1350 plus
766 1310 902 1349 aequo
926 1297 1186 1346 restiterant,
1221 1297 1385 1337 omniae
1408 1294 1582 1349 (omnia)

98 1368 210 1409 ferro
245 1368 418 1420 ignique
451 1375 620 1408 vastata
653 1367 813 1421 passim
846 1380 1021 1408 cernere
1055 1374 1158 1408 erat.
1195 1366 1282 1408 Sed
1316 1367 1416 1420 quid
1438 1368 1548 1410 haec
1561 1367 1583 1408 ἶ)

101 1452 202 1480 ecce
235 1438 442 1479 Viennam
477 1439 682 1487 venimus,
728 1438 920 1479 Flaviam
959 1438 1056 1479 olim
1090 1439 1364 1492 appellatam,
1411 1446 1452 1479 et
1486 1452 1584 1480 con-

100 1510 227 1551 cinna
251 1509 434 1553 aedium.
460 1510 797 1563 templorumque
820 1517 1030 1550 structura
1048 1523 1182 1561 usque
1206 1509 1315 1551 adeo
1334 1509 1582 1559 mirabilem,

100 1590 145 1621 ut
179 1594 271 1622 cum
317 1581 587 1621 ornatissima
633 1594 801 1633 quoque
846 1580 996 1621 ltaliae
1043 1580 1145 1621 urbe
1181 1594 1226 1621 se
1261 1581 1454 1622 conferre
1499 1594 1584 1623 non

102 1651 285 1706 pudeat:
319 1652 377 1692 ita
423 1665 597 1705 aggere,
643 1651 776 1698 fossa,
823 1664 941 1692 muro
987 1665 1149 1704 quoque
1183 1651 1342 1705 duplici
1380 1651 1585 1693 monitam

100 1721 350 1777 (munitam).
398 1730 442 1763 ut
475 1722 544 1763 vix
577 1729 695 1764 arcta
728 1723 897 1764 triennii
930 1722 1166 1775 obsidione,
1211 1723 1364 1764 erectis
1398 1722 1584 1776 undique

102 1794 285 1835 turribus
319 1807 428 1846 quae
463 1801 724 1835 commeatus
756 1794 1014 1845 inhiberent,
1061 1803 1103 1835 et
1136 1807 1231 1835 eam
1264 1794 1407 1835 inedia
1440 1794 1587 1836 affice-

103 1871 209 1916 rent,
243 1866 339 1918 capi
371 1866 580 1919 potuerit:
624 1865 746 1919 cujus
780 1879 906 1918 quam
946 1866 1131 1919 gloriosa
1164 1866 1292 1907 fuerit
1325 1867 1586 1920 expugnatio

104 1942 145 1977 et
169 1949 293 1988 quam
322 1937 533 1989 gloriosus
557 1936 739 1978 subinde
763 1937 1014 1991 triumphus,
1044 1938 1143 1979 hinc
1170 1937 1403 1991 conjectari
1425 1945 1587 1993 potest3

105 2016 148 2047 ut
181 2021 274 2048 cum
315 2008 465 2049 honori
498 2015 539 2049 et
572 2009 743 2049 utilitati
782 2009 905 2049 simul
951 2009 1219 2050 consuluisse
1252 2009 1459 2061 videatur,
1504 2023 1588 2051 11011

104 2079 242 2120 minus
287 2080 388 2121 urbs
433 2079 634 2121 universa
678 2086 797 2121 tanto
843 2080 1017 2130 victore,
1063 2093 1188 2132 quam
1233 2081 1368 2122 victor
1411 2081 1589 2123 victoria

104 2156 225 2190 tanta
258 2150 542 2204 congaudeat.
592 2151 747 2192 Paucis
780 2157 877 2205 post
911 2150 1063 2192 diebus
1097 2151 1151 2192 ad
1198 2152 1392 2193 Civitatis
1427 2152 1589 2204 Novae,

105 2221 310 2262 acerrime
355 2222 608 2271 resistentie,
656 2222 1018 2276 expugnationem
1063 2222 1273 2264 serenitas
1307 2231 1449 2264 vestra
1494 2236 1590 2277 pro—

105 2291 284 2345 peravit.
331 2292 450 2333 Hanc
485 2305 641 2333 annum
675 2293 899 2333 obsessam
944 2293 1102 2334 arctius
1136 2293 1191 2334 ad
1224 2293 1485 2335 deditionem
1518 2293 1590 2334 ad-

109 2375 260 2415 urgere
293 2362 477 2412 studuit,
513 2370 655 2404 castra
688 2363 888 2405 continuo
921 2364 1199 2414 instauravit3
1234 2364 1381 2417 copias
1404 2363 1590 2417 undique

108 2434 317 2483 concivit;
351 2440 487 2474 turres
522 2434 613 2475 urbi
636 2434 808 2488 propius
830 2434 1042 2475 admovit:
1077 2442 1204 2487 atque
1233 2448 1285 2475 116
1311 2434 1411 2487 quid
1432 2434 1591 2486 inferri,

109 2504 305 2545 efferrive
321 2504 612 2558 posset,fossa
628 2506 824 2557 valloque
840 2511 1047 2559 perpetuo
1063 2506 1369 2558 circumsepsit.
1381 2505 1496 2546 Nihil
1511 2506 1593 2547 hac

108 2575 337 2617 obsedione
371 2576 630 2629 (obsidione)
666 2583 922 2630 tempestate
956 2584 1102 2617 nostra
1125 2577 1385 2630 praeclarius
1414 2590 1593 2629 usquam

109 2647 246 2688 visum
270 2655 346 2689 est.
380 2647 491 2690 Urbs
516 2648 643 2688 estin
666 2648 843 2702 profusa
875 2648 1124 2702 patentique
1152 2648 1328 2702 planitie
1353 2648 1447 2697 sita,
1472 2648 1593 2701 uligi-

110 2731 217 2759 noso
241 2719 505 2772 palustrique
529 2719 636 2768 loco,
663 2726 704 2760 et
722 2719 844 2771 aquis
868 2718 1054 2771 undique
1081 2719 1400 2771 emergentibus
1419 2719 1593 2760 circum-

110 2787 231 2829 fusa:
278 2797 516 2843 praeterea,
563 2790 722 2844 duplici
754 2790 885 2840 fossa,
927 2789 1186 2831 scaturiente
1221 2803 1332 2842 aqua
1366 2790 1594 2844 completa,

111 2860 155 2900 in
186 2860 297 2901 vasti
341 2860 520 2913 gurgitis
554 2861 755 2914 speciem.
805 2860 977 2914 Duplici
1010 2873 1177 2913 quoque
1211 2873 1328 2901 muro
1371 2873 1594 2912 amneque,

113 2937 155 2971 et
187 2930 482 2983 frequentibus
517 2930 701 2983 undique
735 2931 932 2980 turribus,
967 2931 1314 2985 propugnaculis,
1349 2944 1595 2984 aggereque

1407 3013 1451 3044 ὃ*
