1919 3273
1510 268 1573 301 Pag

383 313 419 346 in
436 313 534 348 bello
553 313 751 354 victoriam,
780 313 815 346 in
832 313 984 347 victoria
1011 314 1160 357 gloriam
1189 315 1445 358 sempiternam

382 372 598 406 vaticinatur
667 397 1441 409 ..............
1517 376 1584 411 271

322 431 383 465 Ad
407 431 641 466 Franciseum
667 431 868 465 Bandinum
905 459 1441 468 ..........
1517 435 1586 469 274

321 490 381 524 Ad
405 490 593 525 Nicolaum
619 491 812 525 Batoreum
838 490 958 534 Epise.
979 489 1197 526 Vaciensem
1217 492 1442 528 Pannonium
1516 495 1585 528 274

322 550 381 584 Ad
406 550 639 585 Francisoum
665 550 879 584 Bandinum.
907 549 1211 586 MCCCCXXXII.
1256 579 1263 585 .
1315 580 1321 585 .
1375 580 1381 586 .
1435 581 1440 586 .
1516 554 1583 588 275

321 610 381 644 Ad
406 609 638 644 Franciseum
664 609 867 643 Bandinum
894 609 1199 644 MCCCCXXXII.
1257 639 1263 645 .
1317 639 1323 645 .
1376 640 1382 646 .
1436 641 1440 646 ,
1516 614 1584 647 276

320 669 379 703 Ad
404 669 638 703 Franciseum
662 669 865 703 Bandinum
901 696 1438 705 ..........
1516 674 1584 707 277

320 728 379 762 Ad
405 728 637 762 Franciscum
663 728 866 762 Bandinum
902 756 1441 766 ..........
1516 733 1584 767 277

320 786 379 822 Ad
405 787 638 822 Franciseum
664 788 867 822 Bandinum
904 816 1441 825 ..........
1516 792 1584 826 277

319 847 378 881 Ad
403 846 575 882 Ioannem
605 848 832 882 Pannonium
900 875 1441 885 ..........
1517 853 1584 886 278

322 906 380 941 Ad
406 906 579 941 Ioannem
606 908 832 941 Pannonium
902 936 1441 943 ..........
1516 912 1584 945 279

319 966 380 999 Ad
404 965 637 1000 Franciseuin
664 966 866 1000 Bandinum
892 966 1226 1002 MOOCCLXXXV.
1256 995 1262 1002 .
1315 997 1320 1002 .
1375 998 1379 1002 .
1434 998 1438 1002 .
1515 971 1582 1004 281

318 1022 376 1059 Ad
401 1025 634 1059 Franciscum
661 1026 863 1059 Bandinum
902 1055 1439 1062 ..........
1516 1030 1583 1063 282

318 1085 376 1118 Ad
402 1084 633 1119 FraneiSeum
662 1085 865 1119 Bandinum
902 1114 1439 1121 ..........
1516 1089 1583 1122 282

318 1144 376 1178 Ad
404 1144 638 1179 Franciseum
662 1145 865 1179 Bandinum
902 1174 1439 1180 ..........
1515 1149 1583 1181 283

318 1204 377 1237 Α(1
403 1204 635 1238 Franciseum
661 1204 864 1238 Bandinum
902 1233 1437 1240 ..........
1514 1208 1582 1241 283

316 1262 375 1296 Ad
401 1263 589 1297 Nicolaum
616 1264 810 1298 Batoreum
836 1265 1059 1308 Episcopum
1084 1265 1293 1299 Vatiensem
1314 1294 1319 1299 .
1374 1294 1378 1298 ,
1433 1295 1438 1299 .
1514 1267 1582 1299 283

317 1323 373 1356 Ad
400 1323 608 1357 Pannoniae
636 1334 757 1368 regem
785 1323 955 1357 Mathiam
1020 1352 1437 1359 ........
1514 1327 1582 1360 284

316 1382 376 1415 Ad
402 1382 634 1416 Franciseum
662 1382 863 1416 Bandinum
900 1411 1437 1418 ..........
1513 1386 1582 1419 284

316 1441 375 1475 Ad
400 1441 610 1476 Pannoniae
637 1452 760 1486 regem
787 1442 957 1476 Mathiain
1017 1471 1437 1478 ........
1513 1445 1580 1478 285

316 1500 375 1534 Ad
399 1500 595 1535 Francisco
624 1501 798 1535 Bandino.
826 1500 1168 1536 MCCCCLXXXIX
1173 1530 1437 1537 ......
1514 1504 1580 1537 285

316 1559 375 1593 Ad
401 1560 610 1594 Pannoniae
630 1570 753 1605 regen]
780 1561 960 1594 Mathiain.
987 1560 1354 1596 MCCCCLXXXXX.
1430 1590 1437 1597 .
1514 1564 1581 1597 286

315 1619 374 1653 Ad
399 1619 609 1653 Pannoniae
634 1630 759 1664 regem
786 1620 967 1654 Mathiam.
994 1620 1346 1655 MCCCCLXXXIX.
1374 1650 1380 1655 .
1432 1650 1438 1655 .
1513 1622 1580 1655 287

316 1679 373 1713 Ad
401 1679 634 1713 Franciseum
660 1679 863 1713 Bandinum
899 1707 1438 1714 ..........
1513 1681 1581 1715 288

315 1738 376 1772 Ad
402 1738 555 1773 Tideum
603 1767 1438 1774 ...............
1514 1741 1582 1774 288

314 1798 493 1841 Excerpta
521 1809 539 1832 e
566 1798 715 1832 Marsilii
741 1799 855 1833 Ficini
882 1799 1054 1842 operibus
1078 1827 1438 1834 .......
1514 1799 1581 1833 289

114 1869 168 1902 61.
196 1867 363 1903 Michael
396 1869 593 1913 episcopus
621 1870 895 1905 Milkoniensis:
940 1871 1131 1905 Dedicatio
1161 1871 1197 1905 in
1224 1872 1441 1906 breviarium

374 1929 546 1963 editionis
575 1928 849 1974 Strigoniensis.
884 1929 1261 1964 MCCCCLXXXIV..
1315 1959 1320 1964 .
1375 1959 1380 1964 .
1433 1959 1438 1964 .
1514 1932 1578 1966 291

314 1988 445 2032 Incipit
484 1989 703 2023 Pealterium
738 2000 819 2023 oum
847 1989 922 2024 suis
948 1990 1199 2033 pertinentiis:
1239 1989 1439 2024 secundum

370 2047 520 2081 modum
548 2049 705 2083 ecclesie
733 2049 988 2093 Zagrabiensis
1017 2078 1023 2083 .
1077 2078 1082 2083 .
1136 2077 1141 2083 .
1194 2077 1201 2083 .
1254 2077 1260 2083 .
1312 2078 1319 2083 .
1372 2078 1378 2084 .
1431 2078 1437 2083 .
1514 2051 1581 2084 292

114 2105 169 2139 62.
196 2105 394 2140 Modestus
433 2106 746 2150 (Ioanantonius):
787 2108 971 2143 Praefatio
999 2109 1044 2143 ad
1081 2109 1313 2143 Francisoum
1338 2119 1440 2153 prae-

371 2167 534 2209 positum
563 2167 952 2212 Transsylvaniensem
990 2169 1027 2202 in
1054 2169 1253 2203 orationem
1285 2169 1330 2202 de
1357 2169 1440 2203 ami-

372 2225 467 2260 citia.
497 2226 670 2268 Viennae,
698 2228 800 2261 MDX
805 2256 1437 2262 ............
1513 2230 1581 2263 293

112 2284 167 2317 63.
222 2304 259 2307 ——
314 2284 601 2328 (Ioanantoniue)
624 2299 629 2319 :
675 2287 859 2321 Praefatio
904 2288 948 2320 ad
986 2286 1183 2332 Georgium
1226 2287 1439 2331 episcopum

375 2344 809 2389 Quinqueoeclesiensem
848 2347 883 2380 in
926 2347 1127 2381 orationem
1166 2347 1210 2380 de
1248 2347 1440 2381 nativitate

372 2403 526 2438 Domini.
556 2405 731 2447 Viennae,
758 2407 859 2440 MDX
864 2434 1437 2440 ...........
1513 2407 1582 2440 294

112 2474 166 2507 64.
194 2473 508 2508 Mechaneelien:
552 2475 704 2511 Carmen
746 2478 1009 2512 dedicatoriam
1048 2488 1091 2512 ex
1117 2477 1276 2512 editione
1315 2478 1439 2511 carmi-

370 2544 456 2567 num
484 2534 561 2569 Iani
586 2536 763 2571 Pannonii
792 2537 991 2572 Telekiana
1016 2537 1057 2571 ΙΙ.
1084 2547 1167 2581 pag.
1198 2537 1381 2570 178-179
1428 2564 1434 2570 .
1509 2537 1581 2570 295

113 2592 167 2625 65.
194 2591 389 2633 Nagonius
418 2593 597 2636 (Mivhael)
619 2608 624 2629 :
652 2596 894 2632 Pronosticon
921 2600 956 2631 et
982 2596 1243 2641 panegyricum
1269 2596 1315 2630 ad
1333 2596 1440 2629 Vula-

371 2664 527 2698 dislaum
554 2669 677 2704 regem
704 2657 912 2702 Hungariae
957 2683 1317 2690 .......
1393 2656 1581 2689 297-404

111 2722 165 2755 66.
192 2721 386 2756 Pacificus
414 2720 643 2765 (Maximus):
672 2717 863 2751 Dedicatio
891 2716 935 2750 ad
962 2716 1132 2749 Mathiam
1158 2725 1281 2759 regem
1308 2715 1345 2748 in
1370 2714 1438 2748 He-

371 2780 605 2824 eatelegium.
632 2776 856 2815 Florentiae,
883 2774 1235 2809 MCCCCLXXXIX.
1277 2802 1283 2808 .
1336 2802 1342 2807 .
1395 2801 1401 2807 .
1455 2801 1460 2807 .
1512 2774 1580 2807 405

112 2839 167 2873 67.
194 2839 358 2873 Paulus:
391 2839 512 2873 Oratio
527 2838 562 2871 in
578 2836 825 2871 installatione
841 2833 1250 2879 WolfgangiGyuulay.
1266 2834 1438 2874 Viennae,

370 2897 553 2931 MDXLIX
557 2920 1436 2930 ................
1511 2893 1579 2926 405

164 2980 195 3006 Ε.
216 2972 312 3006 Ama:
335 2981 499 3007 ANALECTA
518 2988 606 3006 NOVA.
1393 2964 1438 2997 33
