<?xml version="1.0" encoding="UTF-8"?>
<!DOCTYPE html PUBLIC "-//W3C//DTD XHTML 1.0 Transitional//EN"
    "http://www.w3.org/TR/xhtml1/DTD/xhtml1-transitional.dtd">
<html xmlns="http://www.w3.org/1999/xhtml" xml:lang="en" lang="en">
 <head>
  <title>
</title>
<meta http-equiv="Content-Type" content="text/html;charset=utf-8" />
  <meta name='ocr-system' content='tesseract 3.04.00' />
  <meta name='ocr-capabilities' content='ocr_page ocr_carea ocr_par ocr_line ocrx_word'/>
</head>
<body>
  <div class='ocr_page' id='page_1' title='image "analectanovaadhi00beuoft_0551.png"; bbox 0 0 1919 3273; ppageno 0'>
   <div class='ocr_carea' id='block_1_1' title="bbox 1500 107 1569 141">
    <p class='ocr_par' dir='ltr' id='par_1_1' title="bbox 1500 107 1569 141">
     <span class='ocr_line' id='line_1_1' title="bbox 1500 107 1569 141; baseline -0.029 0"><span class='ocrx_word' id='word_1_1' title='bbox 1500 107 1569 141; x_wconf 80' lang='lat'>499</span> 
     </span>
    </p>
   </div>
   <div class='ocr_carea' id='block_1_2' title="bbox 81 252 1578 1935">
    <p class='ocr_par' dir='ltr' id='par_1_2' title="bbox 81 252 1578 1935">
     <span class='ocr_line' id='line_1_2' title="bbox 81 252 1569 306; baseline -0.001 -12"><span class='ocrx_word' id='word_1_2' title='bbox 81 253 185 295; x_wconf 91' lang='lat' dir='ltr'>lent.</span> <span class='ocrx_word' id='word_1_3' title='bbox 218 253 311 295; x_wconf 88' lang='lat' dir='ltr'>Nec</span> <span class='ocrx_word' id='word_1_4' title='bbox 344 267 394 295; x_wconf 92' lang='lat' dir='ltr'>eo</span> <span class='ocrx_word' id='word_1_5' title='bbox 427 253 607 305; x_wconf 89' lang='lat' dir='ltr'>inficias,</span> <span class='ocrx_word' id='word_1_6' title='bbox 642 252 741 306; x_wconf 89' lang='lat' dir='ltr'>quia</span> <span class='ocrx_word' id='word_1_7' title='bbox 774 252 1061 294; x_wconf 80' lang='lat' dir='ltr'>Gracchorum</span> <span class='ocrx_word' id='word_1_8' title='bbox 1095 252 1365 305; x_wconf 80' lang='lat' dir='ltr'>eloquentiae</span> <span class='ocrx_word' id='word_1_9' title='bbox 1394 252 1569 293; x_wconf 89' lang='lat' dir='ltr'>multum</span> 
     </span>
     <span class='ocr_line' id='line_1_3' title="bbox 84 320 1569 377; baseline -0.001 -12"><span class='ocrx_word' id='word_1_10' title='bbox 84 324 264 366; x_wconf 92' lang='lat' dir='ltr'>contulit</span> <span class='ocrx_word' id='word_1_11' title='bbox 285 320 412 377; x_wconf 86' lang='lat' dir='ltr'>(teste</span> <span class='ocrx_word' id='word_1_12' title='bbox 437 321 713 377; x_wconf 88' lang='lat' dir='ltr'>Quintiliano)</span> <span class='ocrx_word' id='word_1_13' title='bbox 742 322 981 364; x_wconf 84' lang='lat' dir='ltr'>Corneliam</span> <span class='ocrx_word' id='word_1_14' title='bbox 1007 328 1199 374; x_wconf 89' lang='lat' dir='ltr'>matrem,</span> <span class='ocrx_word' id='word_1_15' title='bbox 1228 329 1270 364; x_wconf 91' lang='lat' dir='ltr'>et</span> <span class='ocrx_word' id='word_1_16' title='bbox 1291 322 1413 374; x_wconf 89' lang='lat' dir='ltr'>Lelii,</span> <span class='ocrx_word' id='word_1_17' title='bbox 1441 329 1569 376; x_wconf 86' lang='lat' dir='ltr'>atque</span> 
     </span>
     <span class='ocr_line' id='line_1_4' title="bbox 82 394 1570 448; baseline 0 -13"><span class='ocrx_word' id='word_1_18' title='bbox 82 394 134 444; x_wconf 95' lang='lat' dir='ltr'>Q.</span> <span class='ocrx_word' id='word_1_19' title='bbox 169 394 387 436; x_wconf 85' lang='lat' dir='ltr'>Hortensii</span> <span class='ocrx_word' id='word_1_20' title='bbox 424 394 549 445; x_wconf 89' lang='lat' dir='ltr'>filias,</span> <span class='ocrx_word' id='word_1_21' title='bbox 595 394 648 435; x_wconf 93' lang='lat' dir='ltr'>ob</span> <span class='ocrx_word' id='word_1_22' title='bbox 680 400 904 448; x_wconf 90' lang='lat' dir='ltr'>paternam</span> <span class='ocrx_word' id='word_1_23' title='bbox 948 394 990 434; x_wconf 90' lang='lat' dir='ltr'>in</span> <span class='ocrx_word' id='word_1_24' title='bbox 1022 394 1236 447; x_wconf 91' lang='lat' dir='ltr'>loquendo</span> <span class='ocrx_word' id='word_1_25' title='bbox 1282 394 1570 447; x_wconf 83' lang='lat' dir='ltr'>eloquentiam</span> 
     </span>
     <span class='ocr_line' id='line_1_5' title="bbox 84 464 1571 520; baseline -0.001 -13"><span class='ocrx_word' id='word_1_26' title='bbox 84 466 313 507; x_wconf 80' lang='lat' dir='ltr'>adauctam</span> <span class='ocrx_word' id='word_1_27' title='bbox 346 466 569 520; x_wconf 89' lang='lat' dir='ltr'>plurimum</span> <span class='ocrx_word' id='word_1_28' title='bbox 602 465 816 517; x_wconf 89' lang='lat' dir='ltr'>laudatas,</span> <span class='ocrx_word' id='word_1_29' title='bbox 853 464 1071 517; x_wconf 67' lang='lat' dir='ltr'>«siquidem</span> <span class='ocrx_word' id='word_1_30' title='bbox 1105 464 1205 517; x_wconf 90' lang='lat' dir='ltr'>quid</span> <span class='ocrx_word' id='word_1_31' title='bbox 1237 478 1315 518; x_wconf 89' lang='lat' dir='ltr'>per</span> <span class='ocrx_word' id='word_1_32' title='bbox 1347 464 1451 506; x_wconf 92' lang='lat' dir='ltr'>deos</span> <span class='ocrx_word' id='word_1_33' title='bbox 1494 465 1571 506; x_wconf 93' lang='lat' dir='ltr'>im-</span> 
     </span>
     <span class='ocr_line' id='line_1_6' title="bbox 84 535 1570 589; baseline -0.001 -11"><span class='ocrx_word' id='word_1_34' title='bbox 84 537 303 589; x_wconf 88' lang='lat' dir='ltr'>mortales,</span> <span class='ocrx_word' id='word_1_35' title='bbox 348 537 480 578; x_wconf 89' lang='lat' dir='ltr'>multa</span> <span class='ocrx_word' id='word_1_36' title='bbox 513 549 655 587; x_wconf 81' lang='lat' dir='ltr'>nosse,</span> <span class='ocrx_word' id='word_1_37' title='bbox 702 537 834 577; x_wconf 90' lang='lat' dir='ltr'>multa</span> <span class='ocrx_word' id='word_1_38' title='bbox 876 536 1036 589; x_wconf 87' lang='lat' dir='ltr'>legere,</span> <span class='ocrx_word' id='word_1_39' title='bbox 1072 536 1107 576; x_wconf 90' lang='lat' dir='ltr'>si</span> <span class='ocrx_word' id='word_1_40' title='bbox 1140 535 1282 588; x_wconf 84' lang='lat' dir='ltr'>eloqui</span> <span class='ocrx_word' id='word_1_41' title='bbox 1324 535 1570 588; x_wconf 84' lang='lat' dir='ltr'>neutiquam</span> 
     </span>
     <span class='ocr_line' id='line_1_7' title="bbox 83 604 1570 661; baseline -0.001 -13"><span class='ocrx_word' id='word_1_42' title='bbox 83 614 130 648; x_wconf 92' lang='lat' dir='ltr'>ut</span> <span class='ocrx_word' id='word_1_43' title='bbox 161 621 239 661; x_wconf 88' lang='lat' dir='ltr'>par</span> <span class='ocrx_word' id='word_1_44' title='bbox 284 614 350 649; x_wconf 87' lang='lat' dir='ltr'>est</span> <span class='ocrx_word' id='word_1_45' title='bbox 394 608 557 658; x_wconf 82' lang='lat' dir='ltr'>valeas,</span> <span class='ocrx_word' id='word_1_46' title='bbox 600 606 801 648; x_wconf 75' lang='lat' dir='ltr'>confert?</span> <span class='ocrx_word' id='word_1_47' title='bbox 853 606 984 659; x_wconf 82' lang='lat' dir='ltr'>Sique</span> <span class='ocrx_word' id='word_1_48' title='bbox 1031 606 1203 648; x_wconf 82' lang='lat' dir='ltr'>Saudae</span> <span class='ocrx_word' id='word_1_49' title='bbox 1248 606 1386 660; x_wconf 86' lang='lat' dir='ltr'>gratia</span> <span class='ocrx_word' id='word_1_50' title='bbox 1429 604 1570 661; x_wconf 89' lang='lat' dir='ltr'>(quam</span> 
     </span>
     <span class='ocr_line' id='line_1_8' title="bbox 83 675 1571 731; baseline -0.001 -12"><span class='ocrx_word' id='word_1_51' title='bbox 83 678 239 720; x_wconf 88' lang='lat' dir='ltr'>Pericli</span> <span class='ocrx_word' id='word_1_52' title='bbox 270 678 314 719; x_wconf 93' lang='lat' dir='ltr'>in</span> <span class='ocrx_word' id='word_1_53' title='bbox 347 678 479 719; x_wconf 89' lang='lat' dir='ltr'>labris</span> <span class='ocrx_word' id='word_1_54' title='bbox 525 678 800 720; x_wconf 87' lang='lat' dir='ltr'>sessitavisse</span> <span class='ocrx_word' id='word_1_55' title='bbox 834 675 877 731; x_wconf 81' lang='lat'>(1)</span> <span class='ocrx_word' id='word_1_56' title='bbox 924 678 1093 719; x_wconf 80' lang='lat' dir='ltr'>classici</span> <span class='ocrx_word' id='word_1_57' title='bbox 1127 677 1356 731; x_wconf 86' lang='lat' dir='ltr'>scriptores</span> <span class='ocrx_word' id='word_1_58' title='bbox 1394 677 1571 730; x_wconf 87' lang='lat' dir='ltr'>testant)</span> 
     </span>
     <span class='ocr_line' id='line_1_9' title="bbox 85 748 1570 803; baseline -0.001 -13"><span class='ocrx_word' id='word_1_59' title='bbox 85 749 256 803; x_wconf 89' lang='lat' dir='ltr'>penitus</span> <span class='ocrx_word' id='word_1_60' title='bbox 290 748 444 796; x_wconf 89' lang='lat' dir='ltr'>deficit,</span> <span class='ocrx_word' id='word_1_61' title='bbox 477 761 561 801; x_wconf 90' lang='lat' dir='ltr'>qua</span> <span class='ocrx_word' id='word_1_62' title='bbox 594 749 685 789; x_wconf 89' lang='lat' dir='ltr'>sine</span> <span class='ocrx_word' id='word_1_63' title='bbox 717 762 870 789; x_wconf 90' lang='lat' dir='ltr'>manca</span> <span class='ocrx_word' id='word_1_64' title='bbox 897 748 1032 789; x_wconf 89' lang='lat' dir='ltr'>omnis</span> <span class='ocrx_word' id='word_1_65' title='bbox 1056 754 1122 789; x_wconf 88' lang='lat' dir='ltr'>est</span> <span class='ocrx_word' id='word_1_66' title='bbox 1145 749 1293 799; x_wconf 89' lang='lat' dir='ltr'>oratio,</span> <span class='ocrx_word' id='word_1_67' title='bbox 1327 761 1422 789; x_wconf 92' lang='lat' dir='ltr'>cum</span> <span class='ocrx_word' id='word_1_68' title='bbox 1443 748 1570 789; x_wconf 90' lang='lat' dir='ltr'>iidem</span> 
     </span>
     <span class='ocr_line' id='line_1_10' title="bbox 85 816 1573 874; baseline -0.001 -13"><span class='ocrx_word' id='word_1_69' title='bbox 85 819 307 874; x_wconf 88' lang='lat' dir='ltr'>sapientes</span> <span class='ocrx_word' id='word_1_70' title='bbox 340 826 382 860; x_wconf 91' lang='lat' dir='ltr'>et</span> <span class='ocrx_word' id='word_1_71' title='bbox 423 819 674 871; x_wconf 87' lang='lat' dir='ltr'>eloquentes</span> <span class='ocrx_word' id='word_1_72' title='bbox 720 817 781 873; x_wconf 90' lang='lat' dir='ltr'>(ut</span> <span class='ocrx_word' id='word_1_73' title='bbox 813 818 971 860; x_wconf 82' lang='lat' dir='ltr'>Fabius</span> <span class='ocrx_word' id='word_1_74' title='bbox 1005 816 1078 872; x_wconf 90' lang='lat' dir='ltr'>ait)</span> <span class='ocrx_word' id='word_1_75' title='bbox 1111 832 1208 860; x_wconf 89' lang='lat' dir='ltr'>esse</span> <span class='ocrx_word' id='word_1_76' title='bbox 1242 818 1414 861; x_wconf 91' lang='lat' dir='ltr'>debent.</span> <span class='ocrx_word' id='word_1_77' title='bbox 1462 819 1573 860; x_wconf 91' lang='lat' dir='ltr'>Hinc</span> 
     </span>
     <span class='ocr_line' id='line_1_11' title="bbox 84 889 1573 944; baseline -0.001 -13"><span class='ocrx_word' id='word_1_78' title='bbox 84 891 176 932; x_wconf 90' lang='lat' dir='ltr'>iure</span> <span class='ocrx_word' id='word_1_79' title='bbox 222 890 380 944; x_wconf 90' lang='lat' dir='ltr'>optimo</span> <span class='ocrx_word' id='word_1_80' title='bbox 427 889 692 943; x_wconf 84' lang='lat' dir='ltr'>Chrysippus</span> <span class='ocrx_word' id='word_1_81' title='bbox 736 890 923 931; x_wconf 87' lang='lat' dir='ltr'>nutrices</span> <span class='ocrx_word' id='word_1_82' title='bbox 967 889 1203 930; x_wconf 86' lang='lat' dir='ltr'>infantibus</span> <span class='ocrx_word' id='word_1_83' title='bbox 1252 890 1485 944; x_wconf 88' lang='lat' dir='ltr'>sapientes,</span> <span class='ocrx_word' id='word_1_84' title='bbox 1531 896 1573 932; x_wconf 87' lang='lat' dir='ltr'>et</span> 
     </span>
     <span class='ocr_line' id='line_1_12' title="bbox 85 960 1573 1015; baseline 0 -13"><span class='ocrx_word' id='word_1_85' title='bbox 85 967 292 1015; x_wconf 90' lang='lat' dir='ltr'>quantum</span> <span class='ocrx_word' id='word_1_86' title='bbox 336 974 405 1002; x_wconf 89' lang='lat' dir='ltr'>res</span> <span class='ocrx_word' id='word_1_87' title='bbox 449 968 669 1014; x_wconf 89' lang='lat' dir='ltr'>pateretur</span> <span class='ocrx_word' id='word_1_88' title='bbox 713 961 894 1015; x_wconf 89' lang='lat' dir='ltr'>optimas</span> <span class='ocrx_word' id='word_1_89' title='bbox 934 960 1034 1013; x_wconf 82' lang='lat' dir='ltr'>eligi</span> <span class='ocrx_word' id='word_1_90' title='bbox 1069 961 1212 1002; x_wconf 92' lang='lat' dir='ltr'>voluit.</span> <span class='ocrx_word' id='word_1_91' title='bbox 1265 961 1429 1002; x_wconf 87' lang='lat' dir='ltr'>Natura</span> <span class='ocrx_word' id='word_1_92' title='bbox 1461 961 1573 1002; x_wconf 88' lang='lat' dir='ltr'>enim</span> 
     </span>
     <span class='ocr_line' id='line_1_13' title="bbox 84 1031 1571 1086; baseline 0 -13"><span class='ocrx_word' id='word_1_93' title='bbox 84 1032 350 1073; x_wconf 84' lang='lat' dir='ltr'>tenacissimi</span> <span class='ocrx_word' id='word_1_94' title='bbox 396 1045 540 1073; x_wconf 86' lang='lat' dir='ltr'>sumus</span> <span class='ocrx_word' id='word_1_95' title='bbox 575 1045 732 1082; x_wconf 89' lang='lat' dir='ltr'>eorum,</span> <span class='ocrx_word' id='word_1_96' title='bbox 779 1045 889 1084; x_wconf 86' lang='lat' dir='ltr'>quae</span> <span class='ocrx_word' id='word_1_97' title='bbox 926 1031 1103 1073; x_wconf 89' lang='lat' dir='ltr'>rudibus</span> <span class='ocrx_word' id='word_1_98' title='bbox 1142 1033 1266 1073; x_wconf 90' lang='lat' dir='ltr'>annis</span> <span class='ocrx_word' id='word_1_99' title='bbox 1300 1032 1571 1086; x_wconf 87' lang='lat' dir='ltr'>percipimus,</span> 
     </span>
     <span class='ocr_line' id='line_1_14' title="bbox 88 1102 1573 1157; baseline 0 -13"><span class='ocrx_word' id='word_1_100' title='bbox 88 1110 135 1144; x_wconf 92' lang='lat' dir='ltr'>ut</span> <span class='ocrx_word' id='word_1_101' title='bbox 167 1116 296 1157; x_wconf 90' lang='lat' dir='ltr'>sapor</span> <span class='ocrx_word' id='word_1_102' title='bbox 328 1116 410 1155; x_wconf 93' lang='lat' dir='ltr'>quo</span> <span class='ocrx_word' id='word_1_103' title='bbox 444 1117 555 1145; x_wconf 88' lang='lat' dir='ltr'>nova</span> <span class='ocrx_word' id='word_1_104' title='bbox 586 1103 753 1144; x_wconf 85' lang='lat' dir='ltr'>imbuas</span> <span class='ocrx_word' id='word_1_105' title='bbox 789 1102 924 1144; x_wconf 88' lang='lat' dir='ltr'>durat.</span> <span class='ocrx_word' id='word_1_106' title='bbox 963 1102 1184 1144; x_wconf 85' lang='lat' dir='ltr'>Contende</span> <span class='ocrx_word' id='word_1_107' title='bbox 1217 1103 1345 1156; x_wconf 87' lang='lat' dir='ltr'>igitur</span> <span class='ocrx_word' id='word_1_108' title='bbox 1376 1103 1573 1145; x_wconf 90' lang='lat' dir='ltr'>manibus</span> 
     </span>
     <span class='ocr_line' id='line_1_15' title="bbox 88 1173 1572 1228; baseline 0 -13"><span class='ocrx_word' id='word_1_109' title='bbox 88 1181 131 1215; x_wconf 89' lang='lat' dir='ltr'>et</span> <span class='ocrx_word' id='word_1_110' title='bbox 178 1174 375 1228; x_wconf 81' lang='lat' dir='ltr'>pedibus,</span> <span class='ocrx_word' id='word_1_111' title='bbox 423 1174 558 1215; x_wconf 85' lang='lat' dir='ltr'>Hilari</span> <span class='ocrx_word' id='word_1_112' title='bbox 599 1174 889 1225; x_wconf 79' lang='lat' dir='ltr'>dilectissime,</span> <span class='ocrx_word' id='word_1_113' title='bbox 938 1174 1020 1215; x_wconf 88' lang='lat' dir='ltr'>hoc</span> <span class='ocrx_word' id='word_1_114' title='bbox 1062 1173 1236 1215; x_wconf 86' lang='lat' dir='ltr'>deorum</span> <span class='ocrx_word' id='word_1_115' title='bbox 1279 1187 1444 1226; x_wconf 89' lang='lat' dir='ltr'>munus,</span> <span class='ocrx_word' id='word_1_116' title='bbox 1491 1187 1572 1227; x_wconf 90' lang='lat' dir='ltr'>quo</span> 
     </span>
     <span class='ocr_line' id='line_1_16' title="bbox 88 1244 1575 1296; baseline 0 -10"><span class='ocrx_word' id='word_1_117' title='bbox 88 1246 180 1287; x_wconf 92' lang='lat' dir='ltr'>solo</span> <span class='ocrx_word' id='word_1_118' title='bbox 227 1245 409 1286; x_wconf 86' lang='lat' dir='ltr'>caeteris</span> <span class='ocrx_word' id='word_1_119' title='bbox 455 1245 743 1286; x_wconf 82' lang='lat' dir='ltr'>animantibus</span> <span class='ocrx_word' id='word_1_120' title='bbox 789 1244 1050 1296; x_wconf 79' lang='lat' dir='ltr'>disserimus,</span> <span class='ocrx_word' id='word_1_121' title='bbox 1100 1244 1198 1286; x_wconf 90' lang='lat' dir='ltr'>dum</span> <span class='ocrx_word' id='word_1_122' title='bbox 1240 1245 1329 1287; x_wconf 88' lang='lat' dir='ltr'>vita</span> <span class='ocrx_word' id='word_1_123' title='bbox 1369 1246 1575 1287; x_wconf 89' lang='lat' dir='ltr'>tenellula</span> 
     </span>
     <span class='ocr_line' id='line_1_17' title="bbox 88 1316 1573 1370; baseline 0.001 -14"><span class='ocrx_word' id='word_1_124' title='bbox 88 1322 287 1370; x_wconf 87' lang='lat' dir='ltr'>superest</span> <span class='ocrx_word' id='word_1_125' title='bbox 332 1317 520 1369; x_wconf 88' lang='lat' dir='ltr'>assequi.</span> <span class='ocrx_word' id='word_1_126' title='bbox 574 1316 627 1356; x_wconf 86' lang='lat' dir='ltr'>Et</span> <span class='ocrx_word' id='word_1_127' title='bbox 672 1316 932 1357; x_wconf 89' lang='lat' dir='ltr'>Bartolomei</span> <span class='ocrx_word' id='word_1_128' title='bbox 976 1316 1121 1367; x_wconf 83' lang='lat' dir='ltr'>huius,</span> <span class='ocrx_word' id='word_1_129' title='bbox 1166 1316 1243 1358; x_wconf 88' lang='lat' dir='ltr'>viri</span> <span class='ocrx_word' id='word_1_130' title='bbox 1290 1316 1573 1370; x_wconf 89' lang='lat' dir='ltr'>undecunque</span> 
     </span>
     <span class='ocr_line' id='line_1_18' title="bbox 87 1387 1574 1440; baseline 0 -12"><span class='ocrx_word' id='word_1_131' title='bbox 87 1387 337 1439; x_wconf 74' lang='lat' dir='ltr'>doctissimi,</span> <span class='ocrx_word' id='word_1_132' title='bbox 385 1387 509 1428; x_wconf 89' lang='lat' dir='ltr'>solito</span> <span class='ocrx_word' id='word_1_133' title='bbox 555 1387 835 1428; x_wconf 81' lang='lat' dir='ltr'>elimatiorem</span> <span class='ocrx_word' id='word_1_134' title='bbox 879 1387 1105 1440; x_wconf 89' lang='lat' dir='ltr'>epistolam</span> <span class='ocrx_word' id='word_1_135' title='bbox 1148 1387 1346 1428; x_wconf 89' lang='lat' dir='ltr'>manibus</span> <span class='ocrx_word' id='word_1_136' title='bbox 1393 1387 1574 1429; x_wconf 89' lang='lat' dir='ltr'>subinde</span> 
     </span>
     <span class='ocr_line' id='line_1_19' title="bbox 87 1457 1574 1512; baseline 0 -13"><span class='ocrx_word' id='word_1_137' title='bbox 87 1458 310 1500; x_wconf 88' lang='lat' dir='ltr'>revolvere</span> <span class='ocrx_word' id='word_1_138' title='bbox 356 1457 661 1511; x_wconf 76' lang='lat' dir='ltr'>Sidoniumque</span> <span class='ocrx_word' id='word_1_139' title='bbox 708 1459 780 1510; x_wconf 87' lang='lat' dir='ltr'>qui</span> <span class='ocrx_word' id='word_1_140' title='bbox 823 1458 1088 1512; x_wconf 88' lang='lat' dir='ltr'>Epimenidis</span> <span class='ocrx_word' id='word_1_141' title='bbox 1134 1471 1326 1499; x_wconf 88' lang='lat' dir='ltr'>somnum</span> <span class='ocrx_word' id='word_1_142' title='bbox 1365 1458 1574 1508; x_wconf 73' lang='lat' dir='ltr'>dormivit,</span> 
     </span>
     <span class='ocr_line' id='line_1_20' title="bbox 88 1527 1577 1583; baseline 0 -13"><span class='ocrx_word' id='word_1_143' title='bbox 88 1542 216 1582; x_wconf 88' lang='lat' dir='ltr'>quam</span> <span class='ocrx_word' id='word_1_144' title='bbox 236 1529 364 1570; x_wconf 89' lang='lat' dir='ltr'>fuerit</span> <span class='ocrx_word' id='word_1_145' title='bbox 397 1530 682 1571; x_wconf 86' lang='lat' dir='ltr'>somninlosus</span> <span class='ocrx_word' id='word_1_146' title='bbox 706 1529 951 1583; x_wconf 78' lang='lat' dir='ltr'>experiaris.</span> <span class='ocrx_word' id='word_1_147' title='bbox 984 1529 1205 1570; x_wconf 87' lang='lat' dir='ltr'>Postremo</span> <span class='ocrx_word' id='word_1_148' title='bbox 1239 1527 1367 1582; x_wconf 90' lang='lat' dir='ltr'>(quod</span> <span class='ocrx_word' id='word_1_149' title='bbox 1390 1530 1577 1571; x_wconf 90' lang='lat' dir='ltr'>omnium</span> 
     </span>
     <span class='ocr_line' id='line_1_21' title="bbox 89 1598 1576 1654; baseline 0.001 -14"><span class='ocrx_word' id='word_1_150' title='bbox 89 1600 317 1641; x_wconf 76' lang='lat' dir='ltr'>maximum</span> <span class='ocrx_word' id='word_1_151' title='bbox 340 1598 422 1654; x_wconf 89' lang='lat' dir='ltr'>est)</span> <span class='ocrx_word' id='word_1_152' title='bbox 449 1600 590 1641; x_wconf 85' lang='lat' dir='ltr'>officio</span> <span class='ocrx_word' id='word_1_153' title='bbox 615 1613 687 1641; x_wconf 89' lang='lat' dir='ltr'>oro</span> <span class='ocrx_word' id='word_1_154' title='bbox 710 1601 753 1641; x_wconf 90' lang='lat' dir='ltr'>in</span> <span class='ocrx_word' id='word_1_155' title='bbox 775 1606 996 1654; x_wconf 85' lang='lat' dir='ltr'>parentem</span> <span class='ocrx_word' id='word_1_156' title='bbox 1021 1606 1212 1641; x_wconf 88' lang='lat' dir='ltr'>nostrum</span> <span class='ocrx_word' id='word_1_157' title='bbox 1235 1600 1336 1641; x_wconf 89' lang='lat' dir='ltr'>mihi</span> <span class='ocrx_word' id='word_1_158' title='bbox 1358 1601 1576 1653; x_wconf 84' lang='lat' dir='ltr'>gentilem,</span> 
     </span>
     <span class='ocr_line' id='line_1_22' title="bbox 89 1671 1576 1724; baseline 0 -12"><span class='ocrx_word' id='word_1_159' title='bbox 89 1671 172 1713; x_wconf 91' lang='lat' dir='ltr'>hoc</span> <span class='ocrx_word' id='word_1_160' title='bbox 205 1677 270 1712; x_wconf 91' lang='lat' dir='ltr'>est</span> <span class='ocrx_word' id='word_1_161' title='bbox 292 1685 387 1713; x_wconf 93' lang='lat' dir='ltr'>meo</span> <span class='ocrx_word' id='word_1_162' title='bbox 410 1672 579 1712; x_wconf 89' lang='lat' dir='ltr'>nomine</span> <span class='ocrx_word' id='word_1_163' title='bbox 602 1671 861 1724; x_wconf 73' lang='lat' dir='ltr'>insignitum,</span> <span class='ocrx_word' id='word_1_164' title='bbox 894 1685 1033 1724; x_wconf 83' lang='lat' dir='ltr'>neque</span> <span class='ocrx_word' id='word_1_165' title='bbox 1056 1672 1274 1712; x_wconf 90' lang='lat' dir='ltr'>immemor</span> <span class='ocrx_word' id='word_1_166' title='bbox 1297 1677 1403 1723; x_wconf 89' lang='lat' dir='ltr'>esto,</span> <span class='ocrx_word' id='word_1_167' title='bbox 1436 1683 1576 1724; x_wconf 89' lang='lat' dir='ltr'>neque</span> 
     </span>
     <span class='ocr_line' id='line_1_23' title="bbox 89 1742 1577 1796; baseline 0.001 -14"><span class='ocrx_word' id='word_1_168' title='bbox 89 1742 182 1783; x_wconf 89' lang='lat' dir='ltr'>eius</span> <span class='ocrx_word' id='word_1_169' title='bbox 226 1756 381 1784; x_wconf 89' lang='lat' dir='ltr'>nomen</span> <span class='ocrx_word' id='word_1_170' title='bbox 428 1743 525 1784; x_wconf 92' lang='lat' dir='ltr'>dum</span> <span class='ocrx_word' id='word_1_171' title='bbox 566 1743 653 1783; x_wconf 81' lang='lat' dir='ltr'>vita</span> <span class='ocrx_word' id='word_1_172' title='bbox 699 1742 921 1796; x_wconf 82' lang='lat' dir='ltr'>supererit,</span> <span class='ocrx_word' id='word_1_173' title='bbox 966 1742 1009 1782; x_wconf 93' lang='lat' dir='ltr'>in</span> <span class='ocrx_word' id='word_1_174' title='bbox 1042 1742 1224 1796; x_wconf 86' lang='lat' dir='ltr'>spongia</span> <span class='ocrx_word' id='word_1_175' title='bbox 1266 1742 1465 1793; x_wconf 79' lang='lat' dir='ltr'>incubat3</span> <span class='ocrx_word' id='word_1_176' title='bbox 1511 1749 1577 1783; x_wconf 89' lang='lat' dir='ltr'>est</span> 
     </span>
     <span class='ocr_line' id='line_1_24' title="bbox 89 1813 1578 1867; baseline 0 -13"><span class='ocrx_word' id='word_1_177' title='bbox 89 1814 203 1854; x_wconf 89' lang='lat' dir='ltr'>enim</span> <span class='ocrx_word' id='word_1_178' title='bbox 236 1827 443 1867; x_wconf 89' lang='lat' dir='ltr'>perquam</span> <span class='ocrx_word' id='word_1_179' title='bbox 476 1813 698 1855; x_wconf 89' lang='lat' dir='ltr'>laudabile</span> <span class='ocrx_word' id='word_1_180' title='bbox 733 1813 930 1854; x_wconf 80' lang='lat' dir='ltr'>Charitas</span> <span class='ocrx_word' id='word_1_181' title='bbox 964 1819 1006 1854; x_wconf 88' lang='lat' dir='ltr'>et</span> <span class='ocrx_word' id='word_1_182' title='bbox 1036 1813 1142 1854; x_wconf 91' lang='lat' dir='ltr'>illud</span> <span class='ocrx_word' id='word_1_183' title='bbox 1174 1814 1485 1867; x_wconf 87' lang='lat' dir='ltr'>antipelargem</span> <span class='ocrx_word' id='word_1_184' title='bbox 1516 1814 1578 1854; x_wconf 92' lang='lat' dir='ltr'>in-</span> 
     </span>
     <span class='ocr_line' id='line_1_25' title="bbox 88 1883 1387 1935; baseline 0 -10"><span class='ocrx_word' id='word_1_185' title='bbox 88 1885 226 1926; x_wconf 89' lang='lat' dir='ltr'>vitari.</span> <span class='ocrx_word' id='word_1_186' title='bbox 262 1885 382 1935; x_wconf 89' lang='lat' dir='ltr'>Vale,</span> <span class='ocrx_word' id='word_1_187' title='bbox 419 1885 612 1926; x_wconf 87' lang='lat' dir='ltr'>Viennae</span> <span class='ocrx_word' id='word_1_188' title='bbox 650 1884 912 1925; x_wconf 85' lang='lat' dir='ltr'>Pannoniae.</span> <span class='ocrx_word' id='word_1_189' title='bbox 947 1883 973 1926; x_wconf 77' lang='grc'>9</span> <span class='ocrx_word' id='word_1_190' title='bbox 1008 1884 1096 1925; x_wconf 93' lang='lat' dir='ltr'>Cal.</span> <span class='ocrx_word' id='word_1_191' title='bbox 1133 1884 1225 1926; x_wconf 91' lang='lat' dir='ltr'>Oct.</span> <span class='ocrx_word' id='word_1_192' title='bbox 1262 1883 1387 1926; x_wconf 76' lang='lat'>1512.</span> 
     </span>
    </p>
   </div>
   <div class='ocr_carea' id='block_1_3' title="bbox 571 2108 1104 2164">
    <p class='ocr_par' dir='ltr' id='par_1_3' title="bbox 571 2108 1104 2164">
     <span class='ocr_line' id='line_1_26' title="bbox 571 2108 1104 2164; baseline -0.002 -12"><span class='ocrx_word' id='word_1_193' title='bbox 571 2110 780 2152; x_wconf 68' lang='lat' dir='ltr'>Eiusdem</span> <span class='ocrx_word' id='word_1_194' title='bbox 811 2108 1104 2164; x_wconf 63' lang='lat' dir='ltr'>Epiyramma.</span> 
     </span>
    </p>
   </div>
   <div class='ocr_carea' id='block_1_4' title="bbox 240 2228 1441 2919">
    <p class='ocr_par' dir='ltr' id='par_1_4' title="bbox 240 2228 1396 2354">
     <span class='ocr_line' id='line_1_27' title="bbox 240 2228 1396 2284; baseline -0.001 -13"><span class='ocrx_word' id='word_1_195' title='bbox 240 2230 353 2280; x_wconf 91' lang='lat' dir='ltr'>Quid</span> <span class='ocrx_word' id='word_1_196' title='bbox 385 2230 535 2271; x_wconf 85' lang='lat' dir='ltr'>Tricas</span> <span class='ocrx_word' id='word_1_197' title='bbox 568 2230 744 2284; x_wconf 71' lang='lat' dir='ltr'>Apinas,</span> <span class='ocrx_word' id='word_1_198' title='bbox 780 2236 822 2270; x_wconf 91' lang='lat' dir='ltr'>et</span> <span class='ocrx_word' id='word_1_199' title='bbox 854 2230 968 2269; x_wconf 91' lang='lat' dir='ltr'>mille</span> <span class='ocrx_word' id='word_1_200' title='bbox 1002 2228 1218 2270; x_wconf 87' lang='lat' dir='ltr'>volumina</span> <span class='ocrx_word' id='word_1_201' title='bbox 1249 2229 1396 2279; x_wconf 84' lang='lat' dir='ltr'>volvis,</span> 
     </span>
     <span class='ocr_line' id='line_1_28' title="bbox 300 2300 1204 2354; baseline -0.002 -12"><span class='ocrx_word' id='word_1_202' title='bbox 300 2301 534 2342; x_wconf 87' lang='lat' dir='ltr'>Barbarica</span> <span class='ocrx_word' id='word_1_203' title='bbox 567 2301 728 2354; x_wconf 85' lang='lat' dir='ltr'>passim</span> <span class='ocrx_word' id='word_1_204' title='bbox 762 2300 916 2353; x_wconf 79' lang='lat' dir='ltr'>perlita</span> <span class='ocrx_word' id='word_1_205' title='bbox 949 2312 1053 2340; x_wconf 83' lang='lat' dir='ltr'>voce</span> <span class='ocrx_word' id='word_1_206' title='bbox 1087 2312 1204 2352; x_wconf 84' lang='lat' dir='ltr'>puer.</span> 
     </span>
    </p>

    <p class='ocr_par' dir='ltr' id='par_1_5' title="bbox 240 2369 1414 2495">
     <span class='ocr_line' id='line_1_29' title="bbox 240 2369 1414 2423; baseline -0.003 -10"><span class='ocrx_word' id='word_1_207' title='bbox 240 2371 353 2422; x_wconf 88' lang='lat' dir='ltr'>Quid</span> <span class='ocrx_word' id='word_1_208' title='bbox 386 2372 557 2413; x_wconf 86' lang='lat' dir='ltr'>trivisse</span> <span class='ocrx_word' id='word_1_209' title='bbox 590 2372 707 2412; x_wconf 85' lang='lat' dir='ltr'>iuvat</span> <span class='ocrx_word' id='word_1_210' title='bbox 740 2371 854 2412; x_wconf 85' lang='lat' dir='ltr'>vitae</span> <span class='ocrx_word' id='word_1_211' title='bbox 888 2370 1002 2410; x_wconf 88' lang='lat' dir='ltr'>bona</span> <span class='ocrx_word' id='word_1_212' title='bbox 1035 2376 1227 2423; x_wconf 84' lang='lat' dir='ltr'>tempora</span> <span class='ocrx_word' id='word_1_213' title='bbox 1243 2369 1264 2409; x_wconf 68' lang='grc' dir='ltr'>ἶ)</span> <span class='ocrx_word' id='word_1_214' title='bbox 1297 2370 1414 2423; x_wconf 80' lang='lat' dir='ltr'>talpa</span> 
     </span>
     <span class='ocr_line' id='line_1_30' title="bbox 302 2441 1224 2495; baseline -0.003 -11"><span class='ocrx_word' id='word_1_215' title='bbox 302 2443 492 2493; x_wconf 87' lang='lat' dir='ltr'>Caecior,</span> <span class='ocrx_word' id='word_1_216' title='bbox 528 2450 656 2495; x_wconf 84' lang='lat' dir='ltr'>atque</span> <span class='ocrx_word' id='word_1_217' title='bbox 689 2443 791 2495; x_wconf 82' lang='lat' dir='ltr'>lyris</span> <span class='ocrx_word' id='word_1_218' title='bbox 826 2441 1054 2491; x_wconf 76' lang='lat' dir='ltr'>evigilasse</span> <span class='ocrx_word' id='word_1_219' title='bbox 1089 2441 1224 2494; x_wconf 73' lang='lat' dir='ltr'>Lyris.</span> 
     </span>
    </p>

    <p class='ocr_par' dir='ltr' id='par_1_6' title="bbox 241 2511 1441 2638">
     <span class='ocr_line' id='line_1_31' title="bbox 241 2511 1441 2567; baseline -0.002 -13"><span class='ocrx_word' id='word_1_220' title='bbox 241 2513 355 2564; x_wconf 90' lang='lat' dir='ltr'>Quid</span> <span class='ocrx_word' id='word_1_221' title='bbox 378 2520 419 2554; x_wconf 90' lang='lat' dir='ltr'>te</span> <span class='ocrx_word' id='word_1_222' title='bbox 448 2513 593 2567; x_wconf 74' lang='lat' dir='ltr'>Scylla</span> <span class='ocrx_word' id='word_1_223' title='bbox 615 2511 763 2554; x_wconf 83' lang='lat' dir='ltr'>votat‘?</span> <span class='ocrx_word' id='word_1_224' title='bbox 791 2525 872 2564; x_wconf 85' lang='lat' dir='ltr'>quo</span> <span class='ocrx_word' id='word_1_225' title='bbox 897 2512 1012 2552; x_wconf 89' lang='lat' dir='ltr'>ducit</span> <span class='ocrx_word' id='word_1_226' title='bbox 1036 2525 1168 2552; x_wconf 88' lang='lat' dir='ltr'>saeva</span> <span class='ocrx_word' id='word_1_227' title='bbox 1189 2511 1441 2564; x_wconf 73' lang='lat' dir='ltr'>Charybdis,</span> 
     </span>
     <span class='ocr_line' id='line_1_32' title="bbox 301 2581 1338 2638; baseline -0.003 -13"><span class='ocrx_word' id='word_1_228' title='bbox 301 2585 393 2634; x_wconf 90' lang='lat' dir='ltr'>Quo</span> <span class='ocrx_word' id='word_1_229' title='bbox 427 2585 568 2638; x_wconf 88' lang='lat' dir='ltr'>pictae</span> <span class='ocrx_word' id='word_1_230' title='bbox 602 2598 719 2625; x_wconf 88' lang='lat' dir='ltr'>muro</span> <span class='ocrx_word' id='word_1_231' title='bbox 754 2590 881 2636; x_wconf 82' lang='lat' dir='ltr'>teque</span> <span class='ocrx_word' id='word_1_232' title='bbox 916 2583 1086 2623; x_wconf 82' lang='lat' dir='ltr'>trahunt</span> <span class='ocrx_word' id='word_1_233' title='bbox 1120 2581 1338 2623; x_wconf 71' lang='lat' dir='ltr'>nebulae?</span> 
     </span>
    </p>

    <p class='ocr_par' dir='ltr' id='par_1_7' title="bbox 240 2653 1378 2777">
     <span class='ocr_line' id='line_1_33' title="bbox 240 2653 1378 2707; baseline -0.003 -11"><span class='ocrx_word' id='word_1_234' title='bbox 240 2656 394 2697; x_wconf 90' lang='lat' dir='ltr'>Nonne</span> <span class='ocrx_word' id='word_1_235' title='bbox 428 2655 551 2697; x_wconf 77' lang='lat' dir='ltr'>vides</span> <span class='ocrx_word' id='word_1_236' title='bbox 584 2662 629 2696; x_wconf 81' lang='lat' dir='ltr'>ut</span> <span class='ocrx_word' id='word_1_237' title='bbox 663 2656 783 2696; x_wconf 88' lang='lat' dir='ltr'>lerna</span> <span class='ocrx_word' id='word_1_238' title='bbox 815 2655 939 2707; x_wconf 84' lang='lat' dir='ltr'>palus</span> <span class='ocrx_word' id='word_1_239' title='bbox 971 2653 1187 2694; x_wconf 90' lang='lat' dir='ltr'>blanditur</span> <span class='ocrx_word' id='word_1_240' title='bbox 1219 2653 1378 2706; x_wconf 86' lang='lat' dir='ltr'>apertis</span> 
     </span>
     <span class='ocr_line' id='line_1_34' title="bbox 302 2723 1276 2777; baseline -0.002 -11"><span class='ocrx_word' id='word_1_241' title='bbox 302 2727 530 2777; x_wconf 71' lang='lat' dir='ltr'>Faucibus,</span> <span class='ocrx_word' id='word_1_242' title='bbox 566 2732 731 2767; x_wconf 82' lang='lat' dir='ltr'>eructat</span> <span class='ocrx_word' id='word_1_243' title='bbox 765 2725 918 2766; x_wconf 88' lang='lat' dir='ltr'>deinde</span> <span class='ocrx_word' id='word_1_244' title='bbox 952 2738 1119 2766; x_wconf 89' lang='lat' dir='ltr'>venena</span> <span class='ocrx_word' id='word_1_245' title='bbox 1153 2723 1276 2765; x_wconf 70' lang='lat' dir='ltr'>suis?</span> 
     </span>
    </p>

    <p class='ocr_par' dir='ltr' id='par_1_8' title="bbox 245 2795 1419 2919">
     <span class='ocr_line' id='line_1_35' title="bbox 245 2795 1419 2850; baseline -0.002 -12"><span class='ocrx_word' id='word_1_246' title='bbox 245 2797 382 2850; x_wconf 90' lang='lat' dir='ltr'>thue</span> <span class='ocrx_word' id='word_1_247' title='bbox 416 2797 590 2849; x_wconf 85' lang='lat' dir='ltr'>Megera</span> <span class='ocrx_word' id='word_1_248' title='bbox 624 2796 744 2837; x_wconf 81' lang='lat' dir='ltr'>ferax</span> <span class='ocrx_word' id='word_1_249' title='bbox 776 2795 965 2837; x_wconf 83' lang='lat' dir='ltr'>tenebris</span> <span class='ocrx_word' id='word_1_250' title='bbox 998 2795 1213 2849; x_wconf 85' lang='lat' dir='ltr'>perfundit</span> <span class='ocrx_word' id='word_1_251' title='bbox 1247 2796 1419 2846; x_wconf 83' lang='lat' dir='ltr'>ocellos,</span> 
     </span>
     <span class='ocr_line' id='line_1_36' title="bbox 301 2866 1353 2919; baseline -0.002 -10"><span class='ocrx_word' id='word_1_252' title='bbox 301 2868 365 2909; x_wconf 90' lang='lat' dir='ltr'>Ne</span> <span class='ocrx_word' id='word_1_253' title='bbox 400 2882 488 2908; x_wconf 90' lang='lat' dir='ltr'>rem</span> <span class='ocrx_word' id='word_1_254' title='bbox 522 2868 591 2909; x_wconf 78' lang='lat' dir='ltr'>vel</span> <span class='ocrx_word' id='word_1_255' title='bbox 624 2867 833 2908; x_wconf 85' lang='lat' dir='ltr'>modicam</span> <span class='ocrx_word' id='word_1_256' title='bbox 869 2875 1047 2919; x_wconf 85' lang='lat' dir='ltr'>tangere</span> <span class='ocrx_word' id='word_1_257' title='bbox 1081 2879 1160 2908; x_wconf 87' lang='lat' dir='ltr'>acu</span> <span class='ocrx_word' id='word_1_258' title='bbox 1191 2866 1353 2916; x_wconf 83' lang='lat' dir='ltr'>valeas,</span> 
     </span>
    </p>
   </div>
   <div class='ocr_carea' id='block_1_5' title="bbox 1373 2948 1439 2979">
    <p class='ocr_par' dir='ltr' id='par_1_9' title="bbox 1373 2948 1439 2979">
     <span class='ocr_line' id='line_1_37' title="bbox 1373 2948 1439 2979; baseline 0 0"><span class='ocrx_word' id='word_1_259' title='bbox 1373 2948 1439 2979; x_wconf 59' lang='lat'>32*</span> 
     </span>
    </p>
   </div>
  </div>
 </body>
</html>
