1919 3273
354 127 424 160 436

340 271 587 318 ,intertexta
633 283 831 312 serenam
864 272 1114 314 mortalibus
1160 286 1321 325 negare
1354 273 1538 315 frontem
1571 273 1715 325 audet,
1756 280 1848 315 tan*-

357 354 481 394 quam
515 341 735 382 immeritis
770 348 812 383 et
845 356 1062 395 nunquam
1097 344 1259 396 grat-ias
1294 344 1447 397 dignas
1480 344 1702 386 habituris.
1743 344 1847 386 Eius

356 413 554 466 equidem
587 413 690 454 mihi
721 427 878 454 numen
922 414 1121 468 inspirari
1157 415 1283 455 velim
1324 422 1368 455 ut
1402 415 1596 457 excussis
1628 415 1845 469 plerisque

356 484 551 525 omnibus
595 485 769 538 ineptiis
815 485 1012 526 resarciri
1045 485 1159 538 quod
1203 486 1410 539 possibile
1457 492 1522 527 est
1555 492 1598 528 et
1627 487 1670 527 in
1708 487 1847 528 lucem

355 555 548 609 depromi
581 562 722 608 queat.
756 556 907 609 Itaque
940 556 1053 597 viam
1086 557 1293 597 maiorum
1325 558 1522 610 ingresso
1555 557 1658 598 mihi
1685 558 1847 600 crebris

353 634 542 668 motuum
577 626 798 668 celestium
832 627 1206 669 observationibus
1231 634 1273 668 et
1293 627 1348 668 ad
1370 634 1563 669 veterum
1586 629 1846 670 monimenta

355 698 654 740 collationibus
681 699 941 751 geometrico
966 704 1010 738 ut
1034 699 1196 740 assolet
1224 699 1448 740 interiecto
1477 700 1639 753 glutine
1662 712 1731 741 res
1755 699 1848 741 effi-

355 769 510 811 ciunda
542 769 780 819 videbatur,
828 783 1005 822 quarum
1039 769 1212 822 quidem
1256 770 1573 824 inspectionum
1606 771 1687 812 etsi
1720 784 1848 825 supe-

353 841 533 882 rioribus
567 841 690 881 annis
724 841 880 881 multas
926 841 1187 893 collegerim,
1221 842 1352 882 multo
1388 848 1532 882 tamen
1565 842 1710 895 plures
1744 855 1845 895 quo-

352 913 465 954 niam
498 912 717 966 negotium
762 911 1021 965 perarduum
1057 917 1124 952 est
1156 911 1459 965 adiungendae
1494 919 1592 953 sunt
1625 926 1707 966 quo
1748 926 1844 967 pro-

351 984 527 1025 fundius
573 983 628 1024 ad
673 983 864 1024 veritatis
908 996 1046 1035 usque
1093 983 1323 1024 medullam
1364 989 1627 1037 penetretur.
1675 984 1847 1026 Interea

354 1062 496 1097 autem
530 1069 583 1096 ne
617 1061 768 1109 ceptus
803 1055 883 1096 deo
918 1054 1027 1096 duce
1064 1054 1224 1107 gradus
1259 1060 1460 1096 cessante
1485 1055 1649 1096 calamo
1673 1056 1849 1109 segnior

353 1127 474 1169 fieret
507 1127 619 1168 hunc
664 1127 845 1168 abacum
879 1125 1212 1167 astronomicum
1258 1138 1457 1179 supremo
1496 1126 1682 1167 celorum
1716 1132 1846 1180 atque

353 1199 573 1241 celerrimo
608 1197 975 1239 accomodandum
1009 1197 1135 1250 exegi
1168 1210 1276 1251 opus
1309 1196 1503 1250 profecto
1536 1197 1773 1239 immortale
1808 1198 1845 1240 si

351 1275 523 1324 praeter
553 1269 802 1311 iactantiam
826 1268 910 1309 dici
930 1274 1086 1322 potest⁷
1111 1282 1161 1310 ac
1185 1274 1419 1319 aeternum,
1446 1268 1559 1321 quod
1582 1269 1845 1322 geometrico

351 1355 457 1395 puro
492 1347 533 1382 et
565 1340 802 1382 inviolabili
834 1340 1039 1380 innitatur
1070 1339 1366 1390 fundamento,
1405 1340 1448 1380 in
1482 1340 1602 1380 cuius
1642 1340 1844 1381 exercitio

352 1420 393 1454 et
427 1413 462 1454 si
494 1426 563 1454 res
595 1425 899 1464 nonnunquam
933 1411 1162 1452 variabiles
1194 1417 1502 1465 supponantur,
1535 1411 1675 1465 ipsum
1698 1418 1842 1452 tamen

349 1485 420 1525 ille
455 1498 547 1525 sum
580 1490 788 1538 perpetuo
824 1489 1018 1524 servatur
1051 1488 1092 1523 et
1119 1495 1337 1535 nunquam
1371 1482 1636 1523 defecturum
1665 1483 1774 1524 adeo
1797 1489 1847 1523 ut,

351 1555 386 1597 si
418 1561 516 1609 post
562 1555 676 1596 mille
711 1561 752 1596 et
785 1555 916 1595 multo
962 1554 1086 1607 plura
1119 1567 1324 1594 annorum
1371 1554 1518 1595 secula
1555 1554 1842 1608 reparandum

349 1627 460 1668 foret
491 1640 577 1668 non
612 1626 727 1667 aliud
761 1639 886 1678 quam
920 1638 1032 1666 nunc
1068 1632 1146 1675 est⁷
1183 1625 1360 1679 exprimi
1381 1625 1531 1678 possit.
1568 1625 1765 1666 Ceterum
1797 1626 1841 1666 in

350 1699 442 1740 eius
487 1711 568 1739 usu
612 1698 924 1751 problematum
970 1698 1161 1751 speciem
1206 1697 1394 1738 habente
1445 1698 1841 1739 mathematicorum

348 1784 433 1811 non
479 1769 725 1822 eloquentia
770 1768 957 1822 spectari
1003 1768 1145 1817 debet7
1193 1769 1393 1822 quoniam
1426 1782 1496 1810 res
1528 1769 1625 1823 ipsa
1669 1769 1842 1810 minime

349 1855 487 1896 capax
520 1848 585 1882 est
618 1854 702 1881 non
726 1840 1075 1881 documentorum
1099 1840 1301 1881 continua
1322 1846 1364 1882 et
1388 1840 1628 1881 cohaerens
1650 1840 1842 1893 undiquev

349 1913 496 1964 series,
531 1912 609 1953 sed
641 1911 826 1953 iocunda
861 1917 903 1952 et
935 1911 1191 1952 universalis
1216 1918 1344 1964 atque
1367 1911 1544 1953 mirifica
1565 1925 1705 1952 rerum
1726 1924 1837 1952 com-

348 1984 529 2038 plurium
563 1984 671 2025 scitu
705 1982 1050 2036 dignissimarum
1083 1982 1285 2023 brevitas.
1326 1980 1690 2036 (L)ongitudinem
1721 1982 1840 2036 plani

349 2069 457 2108 eque
491 2055 689 2096 distantis
713 2054 922 2096 horizonti
944 2054 1026 2095 hoc
1050 2061 1178 2107 pacto
1202 2054 1404 2095 metieris.
1440 2053 1606 2095 Gnoma
1629 2059 1840 2095 connecte

345 2127 462 2181 ligno
495 2126 677 2179 longiori
700 2140 776 2179 per
799 2125 1031 2167 claviculos
1055 2138 1170 2176 suos⁷
1203 2125 1263 2166 ita
1286 2132 1331 2165 ut
1353 2125 1466 2166 latus
1489 2125 1628 2166 minus
1655 2137 1837 2166 vacuum

348 2198 518 2239 sinistre
563 2204 634 2238 tue
680 2197 904 2238 obiiciatur
949 2202 990 2237 et
1023 2196 1243 2250 plumbum
1290 2209 1342 2236 ex
1375 2196 1583 2249 superiori
1627 2195 1839 2236 foramine

342 2269 493 2310 lateris
528 2269 665 2310 dextri
696 2267 897 2322 pendeat.
930 2268 1036 2320 Fige
1071 2267 1218 2320 itaque
1242 2267 1398 2320 pedem
1420 2267 1691 2307 inst-rumenti
1711 2266 1837 2306 huius

347 2341 421 2389 sio,
466 2347 511 2381 ut
557 2339 908 2394 perpendiculum
952 2339 1065 2379 linee
1112 2351 1188 2379 sue
1226 2339 1456 2388 innitatur3
1504 2337 1662 2379 deinde
1707 2336 1834 2378 znml

346 2412 463 2465 plani
496 2411 704 2465 propositi
737 2410 834 2452 vide
868 2423 945 2464 per
971 2410 1180 2450 foramina
1203 2410 1500 2450 auricularium
1525 2421 1631 2461 quas
1655 2409 1837 2449 sustinet

346 2484 497 2536 regula
539 2482 764 2536 gnomonis
798 2496 891 2523 znm
912 2480 926 2503 2
966 2495 1047 2535 que
1093 2481 1397 2536 particularum
1430 2481 1577 2522 lateris
1612 2480 1750 2521 dextri
1787 2477 1833 2533 (l)

347 2555 372 2606 q
394 2554 449 2595 ad
469 2555 662 2607 regulam
688 2555 827 2607 ipsam
862 2553 1064 2594 desinunt
1100 2552 1259 2593 tabelle
1294 2553 1392 2593 huic
1424 2551 1607 2605 negocio
1640 2563 1837 2592 accomo-

347 2626 445 2666 date
475 2626 585 2666 inter
619 2625 807 2666 edirecto
833 2625 924 2665 eius
946 2637 1169 2665 numerum
1194 2623 1389 2664 offendes
1412 2623 1579 2676 nigrum
1608 2622 1834 2664 docentem

346 2709 462 2749 quom
508 2694 577 2750 (Ξ
604 2694 728 2749 quae)
774 2695 919 2749 porcio
964 2694 1069 2748 ligni
1114 2695 1223 2735 inter
1261 2694 1416 2747 pedem
1462 2707 1584 2734 suum
1624 2699 1665 2734 et
1705 2700 1836 2747 caput

345 2767 569 2820 gnomonis
588 2767 736 2808 clausa
756 2767 799 2807 in
823 2766 919 2820 ipsa
940 2765 1059 2820 plani
1079 2765 1347 2818 longitudine
1371 2765 1611 2806 continetur
1631 2764 1837 2805 adiuncto

343 2838 504 2879 limidio
538 2838 747 2891 gnominis
781 2838 929 2879 latere.

463 2930 525 2950 ¹-'³
554 2940 741 2964 numerum
758 2930 773 2963 Ῥ
