1955 3278
355 114 424 149 316

355 269 422 302 695

354 626 423 661 700

355 983 423 1017 705

356 1339 423 1373 710

354 1696 421 1730 715

357 2410 425 2444 725

360 2768 428 2801 730

505 259 716 302 Gentibus
748 262 962 314 Ausoniis,
995 264 1132 318 potuit
1164 278 1263 305 num
1297 264 1434 305 forma
1466 261 1642 305 (luorum

503 332 668 386 Inclyta
700 339 895 375 natorum
928 335 1129 388 placasse
1165 349 1318 377 severa
1351 348 1520 377 sorores

501 403 686 444 Numina
718 411 863 446 vestra
894 405 997 457 fere,
1033 419 1109 448 3611
1142 407 1336 459 coniugis
1370 419 1444 448 ora
1475 412 1668 454 venuste.

502 474 591 516 Hos
625 488 793 529 quoque
827 475 982 518 devoto
1017 478 1241 519 comitatur
1273 478 1448 519 numina
1480 483 1659 518 matrum

503 545 648 587 Turba
670 546 888 600 frequens,
911 548 1140 601 iussusque
1163 555 1318 603 parant
1341 548 1515 590 adolere
1537 554 1732 603 penates.

502 616 755 659 Aeneadum
788 618 925 659 forma
957 619 1108 661 mulier
1139 620 1401 674 prestantior
1433 620 1546 661 omni

502 688 557 729 Et
589 688 736 730 sobole
769 690 964 743 insignis,
999 696 1142 732 castas
1173 691 1339 732 imitata
1373 690 1559 733 Sabinas

503 758 586 801 Ore
620 766 745 812 rogat
777 760 999 801 Domitilla
1030 761 1116 815 pio,
1149 761 1327 816 Virgilia
1359 762 1480 815 virgo

504 830 600 872 Una
632 844 777 872 comes
811 844 1022 873 concessa
1056 832 1136 873 sibi
1170 846 1248 874 sua
1281 832 1412 874 corda
1445 832 1618 874 dicabat

505 901 550 943 Si
582 903 752 944 veneris
785 902 912 944 modo
946 909 1048 944 nata
1079 903 1207 956 Iovis,
1242 903 1541 957 Cythereaque
1568 910 1704 945 mater

505 973 719 1014 Annueris
751 973 866 1025 fatis,
901 973 1063 1016 fulvam
1098 974 1176 1016 sub
1209 975 1397 1028 tegmine
1430 981 1593 1016 vestem

504 1044 640 1094 Quam
673 1045 798 1094 nivee
830 1059 989 1087 nevere
1023 1059 1174 1087 manus
1206 1046 1409 1088 Lucretia
1441 1046 1619 1088 tradam.

503 1116 613 1157 Ante
648 1115 772 1157 deam
804 1117 1002 1158 manibus
1037 1117 1219 1171 supplex
1251 1117 1492 1171 penetralia
1524 1116 1690 1169 adorat,

503 1188 643 1241 Atque
677 1188 777 1229 colit
809 1188 976 1242 Paphie
1010 1202 1168 1230 numen
1201 1189 1273 1243 pia
1304 1189 1413 1229 Iulia
1444 1188 1530 1230 lino

503 1259 568 1299 Ex
599 1258 841 1311 Pelusiaco,
877 1259 1192 1312 simulacraque
1226 1266 1328 1301 nota
1361 1260 1537 1313 Dyones

503 1330 720 1378 Romuleis
754 1336 905 1371 onerat
936 1331 1033 1373 telis
1065 1331 1252 1373 vicentia
1272 1329 1316 1384 (1)
1348 1337 1495 1385 nupta.

505 1400 583 1442 Cui
615 1414 821 1455 superare
855 1402 979 1443 datur
1011 1402 1139 1444 fiores
1172 1408 1214 1444 et
1245 1403 1336 1443 lilia
1367 1402 1453 1443 Nili

501 1473 866 1526 Pharsalicasque
898 1486 1022 1516 rosas
1056 1480 1098 1515 et
1131 1473 1255 1515 dotes
1288 1473 1400 1515 ferre
1436 1472 1661 1515 Sicannas.

503 1544 753 1599 Cecropiam
785 1545 914 1599 Tyrio
946 1552 1208 1587 venerantur
1239 1545 1421 1586 Pallada
1454 1551 1496 1586 et
1529 1550 1658 1597 ostro,

502 1617 642 1669 Atque
675 1616 818 1658 ferunt
851 1617 979 1658 aditis
1013 1617 1201 1671 Cybales
1233 1617 1449 1659 velamina
1480 1617 1523 1657 in
1557 1629 1673 1657 auro.

501 1688 640 1728 Marta
673 1700 860 1740 sequens
893 1688 1051 1730 Veneri
1083 1688 1220 1729 maius
1252 1687 1472 1729 laudabile
1507 1687 1664 1729 donum

502 1758 686 1812 Inponit,
722 1759 914 1811 sequitur
945 1760 1182 1813 mulierque
1214 1759 1395 1800 Pallade
1430 1757 1557 1800 docta

503 1829 722 1871 Celestina
754 1830 847 1883 fuit,
883 1844 1144 1873 consacrans
1178 1844 1330 1872 munus
1364 1831 1475 1879 olive

503 1901 645 1942 Tanta
677 1901 788 1943 adeo
823 1908 1003 1943 steterat
1034 1902 1205 1956 templis
1237 1902 1481 1944 reverentia
1512 1900 1628 1951 totis,

507 1971 631 2022 Quod
663 1973 746 2014 iam
780 1973 986 2027 perfectis
1020 1987 1221 2028 superum
1243 1973 1503 2015 meditantur
1522 1972 1721 2018 honores,

502 2044 598 2085 Non
632 2050 888 2098 aspernatos
922 2045 1076 2097 helice,
1112 2044 1350 2086 admirante
1387 2043 1561 2094 Quirino

502 2115 812 2169 Armigeroque
846 2116 942 2167 deo,
974 2115 1092 2158 finito
1126 2130 1301 2158 munere
1336 2122 1483 2170 patres

504 2186 723 2238 Exultant,
756 2188 1057 2241 Phrygiosque
1088 2188 1206 2229 iuvat
1239 2188 1440 2242 placasse
1473 2185 1657 2241 penatis.

505 2258 619 2299 Dum
650 2259 786 2299 Roma
820 2260 994 2312 antiquo
1030 2259 1220 2300 celebrat
1252 2258 1495 2313 penetralia
1525 2257 1607 2298 ritu

506 2329 641 2371 Ursus
674 2330 758 2370 iam
791 2329 926 2371 denso
959 2330 1201 2385 procedens
1234 2330 1404 2383 agmine
1436 2329 1575 2370 fatur:

505 2401 593 2442 Vos
626 2401 798 2454 hylares
831 2415 999 2443 mecum
1032 2402 1165 2443 fatale
1198 2401 1393 2443 accedite
1427 2400 1483 2442 ad
1516 2405 1682 2441 antrum

505 2472 627 2513 Vatis
661 2479 716 2524 et,
751 2485 774 2513 0
808 2486 1025 2526 proceres,
1060 2473 1218 2514 devota
1250 2479 1393 2513 mente
1426 2477 1623 2526 petamus

506 2544 543 2584 A
576 2544 744 2598 superis
778 2543 966 2597 fatisque
1001 2544 1146 2585 (latum
1180 2543 1428 2585 venerabile
1461 2554 1628 2583 munus.

507 2615 710 2668 Aspirant
743 2628 906 2665 omnes,
941 2615 1064 2657 citius
1099 2628 1295 2656 sermone
1331 2614 1517 2664 Quirites

508 2688 770 2737 Annuerant,
806 2687 1045 2740 studiisque
1078 2687 1197 2729 favet
1228 2687 1395 2729 Rethea
1426 2699 1633 2742 propago.

508 2758 679 2799 Delecti
711 2758 885 2799 tandem
920 2764 1112 2813 carpunt,
1147 2772 1253 2812 quas
1286 2765 1410 2812 porta
1444 2758 1621 2812 Capena

510 2828 677 2871 Edocet
708 2830 769 2870 ire
802 2830 908 2879 vias,
944 2836 986 2870 et
1019 2843 1187 2871 sacram
1221 2830 1348 2871 mittit
1381 2829 1436 2870 ad
1469 2829 1634 2880 aedem,

510 2901 573 2942 Ac
605 2900 738 2941 fatale
773 2901 924 2952 solum,
958 2900 1095 2942 Latiis
1129 2900 1241 2954 quod
1274 2901 1462 2955 pertinet
1494 2900 1635 2942 armis.
