1919 3273
187 480 254 514 150

187 836 255 869 155

192 1192 259 1226 160

192 1548 259 1581 165

195 1903 262 1937 170

198 2260 264 2293 175

202 2616 269 2649 180

302 257 502 299 Excessit
533 257 728 312 proprias
762 264 940 312 repente
973 259 1102 312 ripas,

303 328 434 370 Multo
468 328 677 382 sanguine
711 328 947 382 principum
978 330 1183 383 repletus.

306 399 418 449 Quot
449 399 577 441 Turci
609 399 805 441 cecidere
838 406 940 441 tunc
970 400 1014 441 in
1046 400 1187 442 armis.

304 471 358 512 Et
391 470 524 519 Cesar
556 470 661 512 socii
692 469 840 523 fugam
873 470 1046 512 dedere.

305 540 339 583 O
375 554 500 594 quam
534 541 650 582 clara
682 540 775 582 dies
807 541 884 582 tibi
914 541 1082 583 refulsit

303 611 553 653 Vuladislae
587 611 761 662 decens,
795 612 986 654 notanda
1018 613 1178 654 hiberis

304 683 446 724 Fastis
480 689 521 723 et
553 683 831 724 memoranda
863 696 958 724 cum
990 684 1149 738 lapillis

305 754 359 794 Et
392 753 605 808 signanda
637 767 765 794 manu
797 754 986 808 Myronis
1016 755 1126 808 ipsa,

307 825 489 866 Heuhan
522 825 721 866 clamatio
755 824 905 866 domus
937 825 1143 876 Bohema,

306 897 469 937 Rursus
503 897 660 938 clamat
690 895 750 947 Io,
783 896 1100 950 Hungarusque
1132 896 1267 946 fortis,

306 968 469 1020 Regem
502 967 737 1020 constrepit
771 973 813 1008 et
846 967 970 1008 simul
1000 967 1180 1019 Latinis,

307 1039 515 1092 Princeps
548 1038 656 1079 heus
688 1051 771 1092 age
803 1038 917 1080 fame
952 1039 1014 1080 sic
1045 1045 1238 1092 vagatur.

309 1110 376 1151 De
408 1115 451 1150 te
483 1109 567 1150 iam
600 1109 785 1162 loquitur
815 1110 968 1151 nivens
1000 1110 1204 1160 Batavus,

309 1181 376 1222 De
408 1186 451 1222 te
486 1180 768 1231 Sarmaticus,
804 1179 997 1233 Geteque
1029 1181 1139 1222 Daci

307 1253 362 1293 Et
384 1252 522 1300 Cathi,
555 1251 805 1303 Rhodanus,
837 1251 1069 1305 iugumque
1098 1251 1289 1303 Rhenus,

310 1322 515 1377 Captivas
549 1323 660 1364 male
693 1323 910 1364 sustinens
944 1322 1163 1364 cathenas.

310 1395 519 1449 Spectant
552 1394 774 1436 Archades
806 1393 951 1434 Insule
983 1399 1159 1445 remote,

308 1466 362 1507 Et
395 1465 641 1507 circumflua
673 1464 959 1517 fluctibusque
992 1464 1143 1517 Thyle.

313 1537 489 1579 Stantes
523 1543 564 1578 et
597 1537 718 1584 vitrie
751 1535 931 1576 audiunt
964 1548 1145 1586 sorores,

313 1608 508 1650 Coniunx
541 1606 704 1649 Oceani
736 1608 869 1661 patris
902 1614 1086 1649 veretur.

310 1679 446 1721 Velox
479 1678 680 1720 occiduas
715 1679 898 1720 cucurrit
930 1692 1041 1729 oras,

312 1751 521 1792 Lustrans
555 1750 764 1791 auriferos
799 1755 840 1790 et
871 1749 972 1791 inde
1005 1750 1151 1791 Iberos

312 1822 366 1863 Et
398 1821 730 1862 Tarthessiacos
764 1821 883 1862 sinus
918 1821 1063 1871 adivit,

314 1893 423 1935 Hinc
456 1893 513 1934 ad
545 1892 755 1933 beticolas
788 1892 942 1946 plagas
975 1892 1135 1933 volavit

312 1965 549 2006 Possessas
581 1963 860 2004 truculentius
894 1969 1084 2015 tyranno.

315 2036 451 2086 Quem
483 2049 558 2076 rex
590 2034 789 2089 experius
822 2033 1029 2088 repressit
1060 2034 1226 2086 ingens,

314 2107 375 2149 Ac
407 2107 532 2148 nodis
566 2119 645 2147 sua
677 2105 787 2146 oolla
819 2104 952 2146 vinxit
984 2105 1125 2154 arctis,

314 2178 470 2220 Nostro
503 2184 693 2230 tempore
727 2175 901 2230 protulit
933 2174 1145 2227 fidemque

316 2250 483 2290 Nomen
517 2247 688 2301 syderei
720 2260 886 2288 sacrum
919 2246 1121 2293 tonantis,

316 2321 420 2361 Post
452 2320 552 2360 hinc
588 2318 800 2372 Sydonios
833 2323 1011 2371 repente
1044 2317 1177 2357 fertur

315 2391 445 2433 Fines
480 2396 521 2432 et
553 2390 738 2444 Lybicos
772 2388 878 2442 petit
910 2401 1122 2429 recessus.

319 2462 436 2512 Quos
469 2467 588 2503 secto
621 2459 788 2514 pepigit
820 2459 939 2500 locos
972 2458 1103 2511 Elysa

318 2533 474 2584 Tauro,
510 2546 605 2573 cum
637 2530 774 2585 pretio
807 2541 1027 2581 novosque
1060 2541 1201 2569 muros

319 2605 411 2646 Illic
445 2602 498 2658 (si
530 2603 661 2644 faciet
693 2601 822 2643 fidem
854 2598 1064 2650 vetustas)

321 2675 496 2730 Optavit
528 2673 722 2728 profugis
757 2671 944 2725 superba
976 2676 1147 2711 tectum.

320 2746 419 2787 Mox
453 2752 495 2787 et
526 2745 780 2799 pampineos
812 2741 958 2783 revisit
991 2740 1133 2791 Indos,

322 2817 605 2869 Tithonisque
640 2815 810 2856 domum
842 2811 1035 2853 rubentis
1069 2824 1183 2859 aure,

322 2889 518 2942 Regnum
550 2885 789 2927 Memnonis
822 2889 865 2925 et
897 2882 1098 2923 nuntians
1126 2886 1331 2935 pererrat,

1452 115 1497 150 37
1499 114 1521 148 3
