1898 3278
1515 187 1559 219 99

75 330 278 372 adulandi
312 328 515 383 suspicio)
548 329 776 383 splendore
801 329 1031 370 carminum
1060 343 1156 371 cum
1189 329 1442 382 antiquitate
1475 343 1559 370 non

73 402 203 455 longo
234 400 458 442 intervallo
498 406 662 442 certare
694 399 905 441 videntur.
952 399 1174 451 Condolui,
1220 401 1360 441 Deum
1399 400 1557 441 testor!

75 477 230 526 poe-tae
263 471 586 520 facundissimo,
631 471 744 523 quod
778 471 870 512 eius
905 470 1032 519 digna
1064 472 1317 524 posteritate
1358 471 1558 522 carmina,

76 543 228 584 merita
258 542 388 584 laude
422 542 702 596 privarentur,
750 555 800 583 ac
833 541 980 582 nescio
1014 554 1189 594 quorum
1223 542 1339 592 vitio,
1381 549 1465 582 tam
1499 543 1559 582 in-

75 626 202 655 versa
228 626 251 654 e
280 613 391 667 turpi
424 614 507 654 situ
528 612 746 667 prodirent
778 613 820 653 in
853 613 1004 653 lucem.
1039 612 1129 652 Has
1159 612 1369 665 siquidem
1393 613 1556 666 elegias

70 684 248 738 jamiam
281 684 451 725 nomine
496 690 568 724 tuo
603 696 786 724 excusas
819 682 932 737 typis
979 683 1162 736 optimis,
1208 683 1268 724 ita
1301 683 1561 737 depravatas

75 755 332 807 mutilasque
366 755 624 809 accepimus,
658 761 703 794 ut
734 754 777 794 in
800 755 906 795 locis
929 754 1121 808 plurimis
1144 754 1215 795 vix
1238 766 1382 794 earum
1406 767 1560 795 sensus

75 826 242 879 integer
274 832 424 880 posset
456 826 631 879 percipi.
671 825 878 866 Dedimus
911 832 1068 871 tamen,
1104 838 1247 865 amore
1281 825 1340 865 tui
1373 838 1560 878 operam,

75 903 121 938 ut
148 910 198 938 eo
228 897 378 947 nitore,
414 910 496 949 quo
531 910 556 937 a
576 902 674 938 vate
708 896 818 938 Jano
853 897 1123 949 conscriptae
1158 903 1268 945 sunt,
1303 897 1356 937 ab
1391 896 1457 936 his
1491 896 1562 948 qui

77 968 204 1009 docta
248 968 435 1022 cupiunt,
483 968 741 1021 legerentur.
789 967 926 1007 Tuum
967 966 1173 1021 deinceps
1208 967 1298 1018 erit,
1345 965 1562 1020 (quoniam

74 1037 268 1093 impense
302 1038 441 1080 doctis
473 1036 612 1091 faves)
644 1044 689 1078 ut
723 1037 759 1078 si
792 1051 875 1090 qua
905 1038 1005 1080 Jani
1038 1051 1169 1091 opera
1202 1037 1473 1088 delitescunt,
1507 1037 1561 1078 ob

75 1110 326 1151 Pannonum
360 1109 554 1163 gloriam,
586 1109 686 1150 Jani
718 1109 913 1150 meritum
947 1116 989 1150 et
1022 1115 1137 1150 tuam
1170 1108 1345 1150 tandem
1377 1109 1419 1149 in
1443 1108 1562 1150 hisce

74 1181 204 1223 rebus
236 1181 503 1234 vigilantiam
551 1179 864 1221 ostendandam
897 1181 1162 1232 conquirere,
1209 1179 1447 1232 conquisita
1480 1179 1563 1220 huc

76 1252 396 1302 transmittere3
440 1258 485 1292 ut
517 1251 772 1292 transmissa
804 1264 885 1305 ope
919 1258 1065 1292 nostra
1099 1251 1376 1304 castigentur,
1411 1256 1452 1291 et
1486 1263 1562 1291 suo

76 1322 262 1375 denique
295 1323 440 1363 nativo
464 1322 661 1363 restituta
684 1321 872 1371 candori,
898 1321 1038 1363 studio
1063 1322 1233 1363 demum
1252 1328 1324 1363 tuo
1347 1322 1390 1362 in
1410 1335 1562 1362 manus
1590 1336 1597 1343 ·

76 1399 232 1435 exeant
276 1394 520 1447 peritorum.
574 1393 693 1434 Vale.
742 1392 933 1434 Viennae
967 1393 1231 1434 Pannoniae.
1279 1392 1415 1446 pridie
1460 1392 1563 1433 Idus

77 1464 267 1506 Martias.
304 1464 431 1506 1514.

124 1674 320 1710 Ioannes
349 1673 536 1710 Camers
562 1674 744 1711 Ordinis
773 1674 1006 1710 Minorum
1037 1674 1203 1710 Sacrae
1233 1673 1515 1721 Theologiae

76 1739 248 1775 Doctor
285 1739 518 1786 Stephano
552 1739 806 1776 Verbeucio
845 1740 1097 1782 Pannonio,
1136 1740 1361 1775 bonarum
1395 1739 1565 1775 artium

516 1804 682 1840 cultori
708 1804 878 1851 optimo
906 1805 944 1841 S.
972 1804 1017 1840 P.
1044 1805 1122 1840 D.¹

196 1925 441 1967 Communis
467 1927 697 1981 peritorum
731 1940 812 1968 nec
850 1927 902 1968 ab
936 1940 982 1968 re
1017 1926 1200 1979 quidem,
1236 1926 1451 1967 sententia
1484 1932 1563 1977 est,

81 1996 301 2051 Stephane
334 1997 612 2039 humanitatis
647 1998 878 2052 exemplar,
920 1998 1066 2039 Caium
1099 1997 1296 2051 Plynium
1329 1997 1564 2039 secundum

77 2067 214 2109 fuisse
248 2068 313 2109 sui
345 2069 549 2123 temporis
581 2068 884 2123 peritissimum
910 2102 918 2110 .
943 2103 950 2109 .
978 2102 984 2108 .
1026 2068 1115 2109 Has
1149 2067 1353 2109 studiosis
1386 2081 1470 2109 non
1502 2068 1564 2109 in-

77 2139 204 2181 utiles
236 2137 298 2194 (ut
324 2140 554 2193 credimus)
588 2140 757 2193 vigilias
790 2153 866 2194 pro
890 2140 1091 2193 incoepta
1122 2152 1200 2180 nos
1233 2139 1342 2180 inter
1365 2139 1564 2190 amicitia,

77 2209 154 2251 tibi
187 2209 435 2261 dicavimus,
476 2210 639 2251 maiora
672 2210 877 2264 deinceps
923 2214 1038 2255 (nam
1072 2210 1195 2264 plura
1228 2217 1325 2250 sunt
1358 2210 1401 2251 in
1434 2210 1565 2251 mani-

77 2279 175 2333 bus)
209 2280 290 2322 deo
314 2281 470 2322 comite
492 2281 686 2323 dicatum,
720 2281 912 2322 Viennae
936 2281 1186 2322 Pannoniae
1216 2281 1338 2322 Anno
1360 2294 1385 2321 a
1408 2280 1565 2322 Christi

79 2351 222 2393 natali.
255 2351 308 2393 M.
326 2352 377 2392 D.
396 2352 529 2393 XIIII.
562 2352 703 2393 Pridie
738 2352 891 2393 Kalen.
928 2352 1208 2406 Septembris.

200 2586 209 2605 ¹
240 2586 378 2628 „Prima
416 2598 499 2631 pars
545 2587 712 2631 Plyniani
751 2587 885 2622 Indicis
924 2587 1011 2622 editi
1052 2597 1118 2630 per
1154 2587 1335 2621 Joannem
1362 2585 1565 2620 Camertem

79 2645 215 2680 ordinis
241 2646 427 2687 Minorum‚
456 2657 581 2681 sacrae
606 2647 843 2691 Theologiae.
870 2647 911 2680 D.
940 2647 979 2680 In
1007 2656 1088 2690 qua,
1113 2646 1271 2680 tabellae
1295 2646 1416 2689 pictae
1440 2646 1566 2687 instar,

78 2698 167 2738 'mira
192 2705 389 2739 litterarum
417 2705 654 2746 connexione,
682 2705 850 2740 dicuntur
879 2716 922 2740 ea
948 2705 1079 2747 omnia,
1114 2704 1384 2749 Geographiam
1409 2708 1567 2749 praeter,

78 2772 172 2806 quae
197 2766 277 2798 toto
303 2764 482 2809 Plyniano
508 2765 690 2800 volumine
717 2765 956 2799 continentur.
988 2764 1077 2798 Cum
1107 2764 1222 2809 gratia
1243 2768 1280 2798 et
1296 2765 1500 2809 privilegio,
1527 2768 1568 2798 ut

79 2832 162 2856 mox
189 2823 382 2867 sequitur.“
