1955 3278
127 549 171 583 75

127 904 173 939 80

127 1261 171 1294 85

127 1613 172 1648 90

130 1971 174 2005 95

106 2326 173 2361 100

105 2682 171 2717 105

221 256 421 308 Dumque
454 255 607 296 fuisset
640 268 746 308 opus
780 269 854 309 pro
887 255 1084 296 libertate
1117 261 1355 309 parentum,

280 327 361 368 Pro
394 327 533 381 patria
565 325 709 375 chara,
744 339 818 379 pro
852 325 1096 378 laribusque
1131 327 1232 377 suis,

221 397 408 451 Pergere
441 402 683 438 tentassent
715 396 872 437 furiata
908 403 1046 438 mente
1079 397 1273 448 libenter7

280 468 362 509 Per
393 468 516 517 freta,
550 482 627 521 per
658 474 807 515 terras⁷
841 481 918 521 per
952 468 1236 521 scopulosque
1270 482 1439 521 graves,

223 539 307 580 Per
329 539 493 580 medias
517 539 647 590 acies,
680 538 943 591 rabidaeque
968 552 1044 592 per
1067 552 1141 579 ora
1165 539 1388 581 Chimerae
1412 538 1469 594 (ί),

280 610 363 651 Per
396 610 564 651 strictos
598 622 738 660 enses⁷
773 609 925 650 Martia
957 610 1057 660 tela,
1090 609 1224 651 faces.

220 681 304 722 Per
336 680 509 722 tauros1
545 681 703 734 patulis
737 680 937 721 efflantes
971 681 1152 722 navibus
1186 681 1322 734 ignes„

281 752 395 793 Per²
429 752 739 805 Scythicosque
774 752 906 802 sinus,
942 764 1075 792 saxea
1107 758 1235 799 tecta,
1271 752 1404 799 nives,

221 824 273 864 Et
307 837 383 877 per
415 823 652 864 Auernales
685 820 738 875 (si
770 822 837 863 fas
873 829 939 864 est
973 820 1131 875 dicere)
1166 823 1299 874 lucos,

283 894 569 948 Scyronisque
602 894 693 935 vias
726 908 802 948 per
834 894 947 935 vada
980 907 1111 936 caeca
1145 895 1279 935 simul.

221 966 309 1007 Hos
343 966 484 1006 nullus
517 965 652 1020 potuit
685 965 856 1006 blandis
889 972 1135 1019 pervertere
1171 966 1325 1016 verbis,

280 1036 432 1078 Nullus
465 1036 710 1078 muneribus
744 1037 1029 1090 praecipitare
1064 1037 1164 1078 suis.

223 1108 463 1150 Servabant
496 1108 680 1149 animum
714 1114 876 1149 rectum
909 1115 1179 1160 mentemque
1212 1109 1388 1159 virilem,

282 1179 498 1220 Conantes
532 1180 694 1233 patrios
728 1178 1004 1233 magnificare
1037 1178 1170 1220 focos.

223 1250 294 1291 Sic
326 1250 409 1291 illis
442 1263 623 1303 magnos
656 1250 822 1304 peperit
857 1250 1035 1291 Bellona
1067 1251 1316 1304 triumphos,

281 1322 334 1362 Et
365 1321 479 1362 Mars
512 1321 721 1362 infractus
753 1322 925 1362 nomina
960 1322 1075 1362 clara
1108 1321 1239 1363 dedit.

222 1391 408 1433 Narrant
441 1392 658 1443 historiae,
694 1393 874 1446 patriam
908 1392 1185 1434 vehementer
1219 1406 1389 1434 31113556

282 1463 446 1504 Heroes
480 1464 644 1518 priscos
679 1477 730 1504 ex
762 1464 923 1517 pietate
958 1476 1050 1515 5113,

221 1534 406 1575 Fortiter
438 1540 651 1575 extremos
686 1535 884 1576 membris
918 1541 1115 1589 portasse
1149 1535 1333 1583 dolores,

287 1604 472 1659 Saepius
507 1612 547 1646 et
581 1611 770 1647 moestas
804 1606 1093 1660 pertolerasse
1127 1619 1270 1647 neces.

221 1675 423 1717 Patribus
458 1683 499 1717 et
531 1677 687 1718 vestris
720 1690 933 1730 nunquam
970 1677 1022 1718 de
1056 1684 1229 1731 pectore
1263 1677 1407 1727 cessit,

282 1747 418 1788 Terra
450 1761 607 1801 parens
641 1748 807 1789 cunctis
840 1748 1124 1790 anteferenda
1157 1748 1294 1797 bonis,

224 1818 311 1860 Sed
344 1832 515 1872 semper
546 1819 707 1874 patrias
741 1819 823 1860 illis
857 1819 1090 1861 extendere
1125 1819 1253 1861 sedes

284 1889 468 1931 Condita
500 1904 620 1932 mens
654 1890 808 1941 fuerat,
842 1897 1028 1944 pectore,
1063 1904 1182 1938 voce,
1218 1904 1371 1941 manu;

226 1960 314 2002 Hos
338 1962 475 2002 timuit
498 1961 713 2015 quondam
735 1961 984 2012 Rhodanus,
1008 1961 1269 2014 Rhenusque
1294 1961 1493 2013 bicornis,

280 2033 512 2087 Hispanus,
548 2033 743 2084 Calaber,
779 2033 1108 2086 caeruleumque
1142 2046 1271 2074 mare.

222 2105 354 2146 Attila
387 2105 486 2146 dum
518 2105 719 2159 princeps
753 2104 954 2145 vastabat
985 2117 1120 2157 regna
1152 2117 1228 2157 per
1261 2103 1422 2154 orbem,

281 2177 428 2217 Traxit
461 2182 502 2217 et
534 2177 778 2217 innumeros
810 2176 853 2216 in
887 2188 965 2216 sua
997 2182 1097 2216 vota
1130 2174 1275 2216 duces.

223 2246 405 2296 Quando
439 2247 567 2288 etiam
602 2260 840 2300 aequoreos
872 2246 1017 2288 navali
1051 2245 1184 2287 caede
1219 2245 1448 2286 Britannos

285 2317 456 2369 Stravit,
491 2324 531 2359 et
564 2318 796 2359 Ausoniam
831 2317 1132 2371 praecipitavit
1164 2316 1294 2358 humi.

223 2388 382 2430 Urbem
416 2394 543 2442 quum
576 2389 785 2430 Venetam
820 2388 1044 2429 mercatrix
1078 2388 1201 2429 turba
1234 2387 1406 2441 palude,

283 2460 476 2517 Condere
509 2460 691 2502 tentavit
723 2459 906 2509 moenia,
925 2457 940 2480 ³
972 2465 1100 2510 tecta,
1133 2459 1260 2499 lares.

222 2531 451 2584 Turbaque
485 2531 671 2586 vipereis
705 2530 859 2572 cecidit
893 2530 991 2571 dum
1025 2543 1182 2582 magna
1215 2528 1384 2582 sagittis

281 2602 437 2643 Ursula
470 2616 565 2644 cum
599 2601 754 2644 coetu4
788 2602 906 2655 virgo
942 2606 1112 2641 sacrata
1146 2613 1237 2641 suo.

222 2672 353 2714 Attila
386 2686 511 2725 quem
545 2673 677 2727 puppi
709 2672 810 2714 fecit
843 2672 1036 2725 iugulare
1070 2678 1309 2725 proteruus,

281 2744 393 2784 Dum
427 2745 574 2785 martis
609 2744 758 2786 durum
792 2742 1042 2785 sollicitaret
1075 2755 1195 2795 opus.

225 2813 404 2867 Singula
437 2828 633 2867 quaeque
655 2827 763 2856 cano
791 2815 905 2856 clare
933 2819 1206 2855 monumenta
1233 2813 1473 2864 loquuntur,

224 2906 232 2926 ¹
262 2907 427 2941 Thauros
454 2907 495 2940 A.
547 2906 559 2925 ²
586 2906 656 2941 Pes
683 2907 725 2940 A.
778 2907 790 2924 ²³
817 2906 935 2940 menia
962 2904 1003 2939 A.
1059 2905 1069 2922 ⁴
1099 2908 1205 2939 caetu
1235 2905 1278 2938 A.
