1919 3273
1486 138 1557 171 431

195 314 202 321 .
233 315 241 322 .
274 315 282 323 .
313 280 438 322 Anno
472 281 623 322 salutis
668 281 881 321 humanae
927 281 1190 334 octogesimo
1235 288 1386 323 octavo
1433 294 1564 335 supra

75 352 345 393 Millesimum
379 357 421 392 et
455 350 930 405 Quadringentesimum
963 352 1119 393 missus
1165 365 1245 405 ego
1280 366 1371 393 sum
1404 367 1430 394 a
1462 353 1561 394 divo

76 422 349 464 Ferdinando
366 422 513 475 Magni
525 419 569 477 (¹)
590 422 762 464 Siciliae
778 422 898 475 Rege
917 422 971 463 ad
989 423 1156 465 Divum.
1181 423 1377 464 Matiam1
1396 424 1563 477 Regem

76 499 205 546 atque
225 493 280 534 ad
297 493 537 535 Beatricem
559 494 769 547 Reginam
785 493 1031 547 Hungariae
1055 494 1238 547 legatus.
1274 494 1437 544 Quibus
1461 508 1560 536 vero

77 563 130 605 de
155 564 297 605 causis
313 564 464 605 fuerim
488 577 538 605 eo
556 565 726 615 missus,
746 565 888 617 aliqua
906 577 958 605 ex
975 570 1096 618 parte
1116 565 1353 620 explicatur
1370 566 1561 607 oratione

78 649 203 688 quam
237 636 291 676 ad
325 635 500 677 eosdem
524 635 744 689 Principes
777 635 922 686 habui,
958 635 1077 676 cuius
1103 636 1185 678 hoc
1213 642 1278 677 est
1306 637 1559 690 exemplum.

194 706 331 747 Index
362 707 523 760 primus
557 706 780 747 continens
814 706 1047 747 orationem
1087 707 1277 749 authoris
1310 707 1365 748 ad
1397 708 1560 761 Regem

77 777 298 818 Matthiam
332 783 374 818 et
405 777 615 830 Reginam
647 777 902 819 Beatricem.

196 881 204 889 .
231 848 434 890 ..Tuum
468 848 652 901 (Matyas
679 848 898 901 kiralyhoz
931 848 1096 899 beszel)
1130 862 1230 890 vero
1265 862 1362 890 esse
1396 849 1561 890 affirmo

77 918 191 972 qnod
222 919 370 959 innata
403 919 631 961 excellenti
664 925 792 972 atque
817 920 1019 961 versabili
1039 919 1201 973 ingenii
1221 920 1281 960 tui
1305 920 1562 961 dexteritate

77 990 257 1044 adipisci
300 990 377 1031 tibi
408 991 451 1031 in
485 990 566 1031 hac
599 990 667 1032 via
712 991 924 1033 studuisti.
972 991 1167 1045 Adeptus
1201 991 1359 1045 quippe
1404 991 1480 1032 tibi
1513 1004 1561 1032 es

77 1061 344 1115 sapientiam,
393 1074 477 1114 qua
520 1062 674 1103 virtute
719 1062 955 1104 divinarum
1001 1076 1136 1103 rerum
1174 1063 1307 1104 631166
1352 1062 1561 1114 notitiam,

77 1145 318 1185 causasque
364 1132 541 1174 aliarum
585 1147 725 1174 rerum
764 1134 1017 1174 altissimum
1050 1140 1178 1186 atque
1212 1146 1435 1187 supremas
1468 1146 1562 1187 per-

78 1216 210 1257 saepe
226 1204 505 1257 contemplari
524 1204 725 1258 perfacile
748 1212 880 1247 66166.
900 1205 1094 1258 Adeptus
1111 1205 1188 1246 tibi
1203 1218 1249 1245 es
1266 1211 1307 1245 et
1325 1204 1563 1256 scientiam,

77 1288 161 1327 qua
198 1288 268 1328 pro
302 1276 361 1316 tui
393 1276 555 1329 ingenii
595 1276 851 1317 excellentia
885 1282 1008 1330 potes
1046 1277 1178 1317 multa
1209 1281 1298 1316 tum
1336 1275 1388 1316 de
1423 1275 1562 1317 coelo-

76 1359 167 1386 rum
188 1359 238 1388 ac
266 1346 478 1400 syderum,
506 1353 593 1388 tum
621 1347 674 1388 de
708 1348 885 1388 aliarum
905 1361 1044 1388 rerum
1072 1346 1234 1387 naturis
1261 1352 1455 1400 prompte
1479 1346 1564 1387 dis-

77 1431 230 1459 serere.
266 1417 461 1472 Adeptus
498 1431 543 1459 es
575 1418 859 1472 prudentiam,
906 1418 1024 1459 cuius
1063 1418 1196 1459 tribus
1231 1418 1312 1458 =llis
1354 1417 1560 1471 partibus,

78 1502 183 1541 quas
217 1489 257 1530 ei
287 1489 541 1543 Philosophi
573 1490 775 1541 tribuunt,
815 1490 858 1530 in
891 1490 1055 1531 cunctis
1087 1490 1169 1530 tuis
1204 1489 1397 1542 negociis
1430 1488 1561 1530 uteris

78 1559 415 1613 diligentissime.
461 1560 509 1602 ld
542 1568 684 1602 autem
718 1568 979 1615 compertum
1018 1561 1122 1601 satis
1155 1560 1328 1611 habent,
1375 1560 1446 1612 (1111
1478 1560 1561 1601 vim

77 1631 138 1672 1111
170 1638 379 1673 ,loverunt
413 1632 583 1685 ’ngenii,
619 1632 962 1685 quandoquidem
997 1638 1038 1672 et
1071 1631 1395 1685 praeteritarum
1423 1644 1562 1672 rerum

77 1703 194 1744 nulla
238 1709 280 1744 te
315 1704 429 1758 capit
461 1703 631 1754 oblivio,
666 1715 707 1745 et
741 1717 815 1745 eas
856 1717 965 1756 quae
998 1703 1159 1744 instant
1208 1703 1334 1744 etiam
1370 1702 1560 1743 munitis-

78 1774 207 1815 simas
240 1780 356 1816 acut<
399 1780 635 1828 exacteque
671 1775 919 1816 consideras
954 1780 995 1815 61
1028 1787 1102 1816 eas
1137 1787 1245 1827 quae
1272 1774 1440 1814 futurae
1465 1778 1562 1814 sunt

79 1845 257 1886 solerter
285 1851 413 1898 atque
436 1846 644 1887 industrie
668 1846 915 1900 prospiscis.
949 1845 1064 1886 Nihil
1097 1845 1191 1885 dico
1226 1844 1278 1885 (le
1302 1851 1406 1894 arte,
1436 1857 1560 1896 quam

77 1917 332 1958 Aristoteles
365 1923 407 1958 et
438 1917 691 1971 Philosophi
722 1917 835 1957 illius
857 1923 1074 1958 sectantes
1099 1916 1369 1969 disciplinam
1391 1915 1561 1965 docent,

79 2001 175 2029 esse
208 1989 416 2029 rationem
450 2002 595 2030 eorum
629 2002 739 2041 quae
772 2002 899 2029 manu
931 1987 1045 2028 finnt.
1096 1987 1200 2037 Quis
1233 1987 1381 2035 nescit,
1416 1986 1560 2027 eiusce

78 2060 275 2101 Virtutem
306 2060 443 2101 fuisse
487 2066 530 2101 te
564 2059 673 2100 adeo
707 2060 942 2100 eminenter
987 2058 1203 2111 adeptum,
1249 2065 1293 2097 ut
1335 2057 1441 2098 nihil
1472 2056 1563 2097 fieri

79 2144 207 2171 manu
229 2131 377 2184 possit,
402 2131 520 2173 cuius
548 2130 702 2174 studio,
730 2130 965 2183 ingentium
987 2130 1239 2183 praesertim
1263 2142 1313 2169 ac
1336 2127 1562 2182 splendide

81 2202 409 2243 extruendorum
443 2202 734 2244 aedificiorum
769 2208 809 2243 et
843 2215 924 2254 que
950 2207 1047 2242 sunt
1070 2200 1216 2253 magni
1242 2199 1373 2252 Regis
1402 2199 1564 2251 magni-

81 2273 252 2315 ficentia
296 2273 439 2327 digna,
485 2287 569 2315 non
613 2259 795 2314 maxime
836 2272 1062 2314 delecteris
1078 2270 1099 2311 i>
1152 2270 1293 2324 Opera
1336 2271 1431 2323 ipsa
1464 2283 1489 2310 a
1521 2278 1562 2309 te

80 2344 501 2398 magnificentissime
522 2345 676 2399 partim
694 2344 870 2394 refecta,
894 2343 1046 2397 partim
1067 2348 1281 2396 reparata,
1304 2354 1397 2382 cum
1417 2348 1563 2381 essent

80 2422 295 2458 vetustate
318 2417 387 2458 vel
410 2416 549 2457 diruta
571 2417 639 2458 vel
660 2416 850 2469 colapsa,
873 2414 1025 2468 partim
1050 2414 1103 2454 ab
1126 2413 1222 2453 imis
1245 2418 1389 2453 erecta
1411 2411 1562 2452 funda-

80 2487 248 2538 mentis,
290 2487 402 2540 quod
441 2487 536 2528 dico
576 2487 803 2527 manifeste
836 2492 1060 2526 testantur.
1102 2484 1218 2525 Nihil
1249 2483 1317 2524 vel
1352 2483 1562 2533 simulate,

80 2559 149 2600 vel
166 2572 243 2612 per
259 2559 594 2600 assentationem
614 2558 775 2610 loquor.
801 2557 1027 2597 Affirmant
1050 2555 1121 2608 (1111
1137 2554 1348 2605 viderunt,
1373 2553 1563 2595 erexisse

81 2636 123 2671 te
158 2629 412 2682 quibusdam
455 2629 498 2670 in
530 2630 635 2670 locis
680 2627 1039 2682 inexpugnabiles
1084 2639 1220 2675 arces,
1266 2625 1368 2666 alibi
1405 2624 1562 2677 regias,

83 2701 235 2754 quibus
257 2701 328 2743 vix
350 2701 564 2742 habentur
583 2707 670 2742 toto
698 2708 903 2741 terrarum
939 2699 1039 2740 orbe
1062 2698 1236 2748 similes,
1270 2697 1371 2738 alibi
1402 2697 1562 2747 hortos,

83 2785 260 2825 quorum
305 2772 559 2813 consitarum
607 2771 804 2812 arborum
850 2776 916 2812 est
948 2769 1050 2810 ordo
1095 2768 1416 2823 pulcherrimus,
1463 2766 1565 2809 alibi

203 2923 213 2943 ¹
239 2923 426 2957 Matthiam
452 2923 499 2957 K.
