<?xml version="1.0" encoding="UTF-8"?>
<!DOCTYPE html PUBLIC "-//W3C//DTD XHTML 1.0 Transitional//EN"
    "http://www.w3.org/TR/xhtml1/DTD/xhtml1-transitional.dtd">
<html xmlns="http://www.w3.org/1999/xhtml" xml:lang="en" lang="en">
 <head>
  <title>
</title>
<meta http-equiv="Content-Type" content="text/html;charset=utf-8" />
  <meta name='ocr-system' content='tesseract 3.04.00' />
  <meta name='ocr-capabilities' content='ocr_page ocr_carea ocr_par ocr_line ocrx_word'/>
</head>
<body>
  <div class='ocr_page' id='page_1' title='image "analectanovaadhi00beuoft_0036.png"; bbox 0 0 1898 3278; ppageno 0'>
   <div class='ocr_carea' id='block_1_1' title="bbox 277 104 321 137">
    <p class='ocr_par' dir='ltr' id='par_1_1' title="bbox 277 104 321 137">
     <span class='ocr_line' id='line_1_1' title="bbox 277 104 321 137; baseline 0 0"><span class='ocrx_word' id='word_1_1' title='bbox 277 104 321 137; x_wconf 76' lang='lat'>22</span> 
     </span>
    </p>
   </div>
   <div class='ocr_carea' id='block_1_2' title="bbox 275 245 1770 2932">
    <p class='ocr_par' dir='ltr' id='par_1_2' title="bbox 275 245 1770 2932">
     <span class='ocr_line' id='line_1_2' title="bbox 275 245 1762 303; baseline 0 -14"><span class='ocrx_word' id='word_1_2' title='bbox 275 260 484 303; x_wconf 78' lang='lat' dir='ltr'>praesens</span> <span class='ocrx_word' id='word_1_3' title='bbox 512 259 588 300; x_wconf 91' lang='lat' dir='ltr'>pro</span> <span class='ocrx_word' id='word_1_4' title='bbox 619 246 824 288; x_wconf 88' lang='lat' dir='ltr'>memoria</span> <span class='ocrx_word' id='word_1_5' title='bbox 853 246 941 288; x_wconf 86' lang='lat' dir='ltr'>vita</span> <span class='ocrx_word' id='word_1_6' title='bbox 970 252 1166 288; x_wconf 84' lang='lat' dir='ltr'>testatur.</span> <span class='ocrx_word' id='word_1_7' title='bbox 1201 245 1387 296; x_wconf 81' lang='lat' dir='ltr'>Quorum</span> <span class='ocrx_word' id='word_1_8' title='bbox 1424 252 1546 288; x_wconf 89' lang='lat' dir='ltr'>aetas</span> <span class='ocrx_word' id='word_1_9' title='bbox 1572 247 1762 289; x_wconf 83' lang='lat' dir='ltr'>Achilles</span> 
     </span>
     <span class='ocr_line' id='line_1_3' title="bbox 277 316 1762 372; baseline 0 -12"><span class='ocrx_word' id='word_1_10' title='bbox 277 319 384 360; x_wconf 90' lang='lat' dir='ltr'>alios</span> <span class='ocrx_word' id='word_1_11' title='bbox 416 318 530 359; x_wconf 92' lang='lat' dir='ltr'>bello</span> <span class='ocrx_word' id='word_1_12' title='bbox 577 318 755 359; x_wconf 88' lang='lat' dir='ltr'>consilio</span> <span class='ocrx_word' id='word_1_13' title='bbox 800 318 1062 359; x_wconf 88' lang='lat' dir='ltr'>Iunctatores</span> <span class='ocrx_word' id='word_1_14' title='bbox 1103 316 1375 369; x_wconf 76' lang='lat' dir='ltr'>ostendebat,</span> <span class='ocrx_word' id='word_1_15' title='bbox 1421 322 1466 358; x_wconf 89' lang='lat' dir='ltr'>ut</span> <span class='ocrx_word' id='word_1_16' title='bbox 1498 318 1560 358; x_wconf 91' lang='lat' dir='ltr'>illi</span> <span class='ocrx_word' id='word_1_17' title='bbox 1603 319 1762 372; x_wconf 84' lang='lat' dir='ltr'>primas</span> 
     </span>
     <span class='ocr_line' id='line_1_4' title="bbox 278 388 1763 443; baseline 0.001 -14"><span class='ocrx_word' id='word_1_18' title='bbox 278 402 469 442; x_wconf 80' lang='lat' dir='ltr'>quasque</span> <span class='ocrx_word' id='word_1_19' title='bbox 510 389 627 430; x_wconf 90' lang='lat' dir='ltr'>acies</span> <span class='ocrx_word' id='word_1_20' title='bbox 660 402 745 429; x_wconf 89' lang='lat' dir='ltr'>non</span> <span class='ocrx_word' id='word_1_21' title='bbox 777 388 883 430; x_wconf 90' lang='lat' dir='ltr'>lucri</span> <span class='ocrx_word' id='word_1_22' title='bbox 928 394 1000 429; x_wconf 91' lang='lat' dir='ltr'>aut</span> <span class='ocrx_word' id='word_1_23' title='bbox 1033 389 1164 442; x_wconf 82' lang='lat' dir='ltr'>ampli</span> <span class='ocrx_word' id='word_1_24' title='bbox 1198 388 1334 442; x_wconf 87' lang='lat' dir='ltr'>spolii,</span> <span class='ocrx_word' id='word_1_25' title='bbox 1368 389 1534 440; x_wconf 72' lang='lat' dir='ltr'>intuitu,</span> <span class='ocrx_word' id='word_1_26' title='bbox 1570 389 1647 430; x_wconf 89' lang='lat' dir='ltr'>sed</span> <span class='ocrx_word' id='word_1_27' title='bbox 1680 403 1763 443; x_wconf 86' lang='lat' dir='ltr'>quo</span> 
     </span>
     <span class='ocr_line' id='line_1_5' title="bbox 278 459 1762 514; baseline 0 -13"><span class='ocrx_word' id='word_1_28' title='bbox 278 461 460 514; x_wconf 86' lang='lat' dir='ltr'>patriam</span> <span class='ocrx_word' id='word_1_29' title='bbox 492 465 537 500; x_wconf 91' lang='lat' dir='ltr'>ut</span> <span class='ocrx_word' id='word_1_30' title='bbox 570 459 730 501; x_wconf 86' lang='lat' dir='ltr'>amicos</span> <span class='ocrx_word' id='word_1_31' title='bbox 764 473 911 512; x_wconf 80' lang='lat' dir='ltr'>seque,</span> <span class='ocrx_word' id='word_1_32' title='bbox 946 464 1163 513; x_wconf 86' lang='lat' dir='ltr'>postremo</span> <span class='ocrx_word' id='word_1_33' title='bbox 1193 466 1443 506; x_wconf 87' lang='lat' dir='ltr'>tutarentur,</span> <span class='ocrx_word' id='word_1_34' title='bbox 1479 460 1762 514; x_wconf 84' lang='lat' dir='ltr'>occupabant.</span> 
     </span>
     <span class='ocr_line' id='line_1_6' title="bbox 278 529 1762 584; baseline 0.002 -15"><span class='ocrx_word' id='word_1_35' title='bbox 278 530 382 580; x_wconf 80' lang='lat' dir='ltr'>Quis</span> <span class='ocrx_word' id='word_1_36' title='bbox 429 530 539 571; x_wconf 89' lang='lat' dir='ltr'>enim</span> <span class='ocrx_word' id='word_1_37' title='bbox 584 530 786 584; x_wconf 88' lang='lat' dir='ltr'>princeps</span> <span class='ocrx_word' id='word_1_38' title='bbox 832 529 1177 584; x_wconf 65' lang='lat' dir='ltr'>prudentissime,</span> <span class='ocrx_word' id='word_1_39' title='bbox 1223 529 1443 571; x_wconf 83' lang='lat' dir='ltr'>Albertum</span> <span class='ocrx_word' id='word_1_40' title='bbox 1484 544 1608 572; x_wconf 87' lang='lat' dir='ltr'>avum</span> <span class='ocrx_word' id='word_1_41' title='bbox 1646 531 1762 572; x_wconf 90' lang='lat' dir='ltr'>illum</span> 
     </span>
     <span class='ocr_line' id='line_1_7' title="bbox 276 601 1762 656; baseline 0.001 -14"><span class='ocrx_word' id='word_1_42' title='bbox 276 608 407 651; x_wconf 90' lang='lat' dir='ltr'>tuum,</span> <span class='ocrx_word' id='word_1_43' title='bbox 452 601 587 642; x_wconf 86' lang='lat' dir='ltr'>virum</span> <span class='ocrx_word' id='word_1_44' title='bbox 626 614 710 642; x_wconf 91' lang='lat' dir='ltr'>non</span> <span class='ocrx_word' id='word_1_45' title='bbox 744 608 831 642; x_wconf 85' lang='lat' dir='ltr'>tam</span> <span class='ocrx_word' id='word_1_46' title='bbox 877 601 1080 654; x_wconf 88' lang='lat' dir='ltr'>corporis,</span> <span class='ocrx_word' id='word_1_47' title='bbox 1127 614 1254 653; x_wconf 82' lang='lat' dir='ltr'>quam</span> <span class='ocrx_word' id='word_1_48' title='bbox 1287 601 1416 642; x_wconf 89' lang='lat' dir='ltr'>animi</span> <span class='ocrx_word' id='word_1_49' title='bbox 1448 601 1608 643; x_wconf 87' lang='lat' dir='ltr'>viribus</span> <span class='ocrx_word' id='word_1_50' title='bbox 1641 614 1762 656; x_wconf 78' lang='lat' dir='ltr'>prae-</span> 
     </span>
     <span class='ocr_line' id='line_1_8' title="bbox 275 671 1764 726; baseline 0 -13"><span class='ocrx_word' id='word_1_51' title='bbox 275 673 522 726; x_wconf 79' lang='lat' dir='ltr'>pollentem,</span> <span class='ocrx_word' id='word_1_52' title='bbox 556 672 776 714; x_wconf 89' lang='lat' dir='ltr'>Albertum</span> <span class='ocrx_word' id='word_1_53' title='bbox 810 672 981 724; x_wconf 77' lang='lat' dir='ltr'>inquam</span> <span class='ocrx_word' id='word_1_54' title='bbox 1015 672 1195 713; x_wconf 84' lang='lat' dir='ltr'>Romani</span> <span class='ocrx_word' id='word_1_55' title='bbox 1234 671 1359 712; x_wconf 86' lang='lat' dir='ltr'>huius</span> <span class='ocrx_word' id='word_1_56' title='bbox 1392 672 1659 714; x_wconf 81' lang='lat' dir='ltr'>invictissimi</span> <span class='ocrx_word' id='word_1_57' title='bbox 1691 672 1764 713; x_wconf 92' lang='lat' dir='ltr'>im-</span> 
     </span>
     <span class='ocr_line' id='line_1_9' title="bbox 276 743 1764 798; baseline 0 -13"><span class='ocrx_word' id='word_1_58' title='bbox 276 744 384 798; x_wconf 86' lang='lat' dir='ltr'>perii</span> <span class='ocrx_word' id='word_1_59' title='bbox 415 744 669 792; x_wconf 87' lang='lat' dir='ltr'>Electorem,</span> <span class='ocrx_word' id='word_1_60' title='bbox 703 744 835 785; x_wconf 89' lang='lat' dir='ltr'>veluti</span> <span class='ocrx_word' id='word_1_61' title='bbox 868 743 1266 785; x_wconf 79' lang='lat' dir='ltr'>decantatissimum</span> <span class='ocrx_word' id='word_1_62' title='bbox 1296 757 1348 784; x_wconf 82' lang='lat' dir='ltr'>ex</span> <span class='ocrx_word' id='word_1_63' title='bbox 1376 743 1505 784; x_wconf 87' lang='lat' dir='ltr'>factis</span> <span class='ocrx_word' id='word_1_64' title='bbox 1538 749 1581 784; x_wconf 89' lang='lat' dir='ltr'>et</span> <span class='ocrx_word' id='word_1_65' title='bbox 1613 750 1764 785; x_wconf 85' lang='lat' dir='ltr'>strate-</span> 
     </span>
     <span class='ocr_line' id='line_1_10' title="bbox 275 813 1763 868; baseline -0.001 -12"><span class='ocrx_word' id='word_1_66' title='bbox 275 814 516 868; x_wconf 86' lang='lat' dir='ltr'>gematibus</span> <span class='ocrx_word' id='word_1_67' title='bbox 556 814 914 868; x_wconf 84' lang='lat' dir='ltr'>praeclarissimis</span> <span class='ocrx_word' id='word_1_68' title='bbox 947 828 1030 855; x_wconf 90' lang='lat' dir='ltr'>non</span> <span class='ocrx_word' id='word_1_69' title='bbox 1066 813 1291 863; x_wconf 86' lang='lat' dir='ltr'>declamet,</span> <span class='ocrx_word' id='word_1_70' title='bbox 1334 814 1401 855; x_wconf 92' lang='lat' dir='ltr'>cui</span> <span class='ocrx_word' id='word_1_71' title='bbox 1434 814 1513 855; x_wconf 91' lang='grc'><strong>1100</strong></span> <span class='ocrx_word' id='word_1_72' title='bbox 1554 814 1763 856; x_wconf 83' lang='lat' dir='ltr'>Graecum</span> 
     </span>
     <span class='ocr_line' id='line_1_11' title="bbox 277 882 1766 938; baseline -0.001 -12"><span class='ocrx_word' id='word_1_73' title='bbox 277 885 461 938; x_wconf 86' lang='lat' dir='ltr'>quodam</span> <span class='ocrx_word' id='word_1_74' title='bbox 508 885 650 927; x_wconf 90' lang='lat' dir='ltr'>divino</span> <span class='ocrx_word' id='word_1_75' title='bbox 696 886 867 927; x_wconf 91' lang='lat' dir='ltr'>numine</span> <span class='ocrx_word' id='word_1_76' title='bbox 908 882 965 930; x_wconf 80' lang='grc' dir='ltr'>εἷς</span> <span class='ocrx_word' id='word_1_77' title='bbox 1004 882 1146 930; x_wconf 58' lang='lat' dir='ltr'>&amp;novoe</span> <span class='ocrx_word' id='word_1_78' title='bbox 1193 883 1357 938; x_wconf 73' lang='grc' dir='ltr'>ἄριστος</span> <span class='ocrx_word' id='word_1_79' title='bbox 1395 882 1631 938; x_wconf 55' lang='grc' dir='ltr'>ἀμύνασθαι</span> <span class='ocrx_word' id='word_1_80' title='bbox 1676 882 1766 938; x_wconf 78' lang='grc' dir='ltr'>περί</span> 
     </span>
     <span class='ocr_line' id='line_1_12' title="bbox 275 951 1764 1011; baseline 0.001 -15"><span class='ocrx_word' id='word_1_81' title='bbox 275 953 431 1009; x_wconf 74' lang='grc' dir='ltr'>πάτρης</span> <span class='ocrx_word' id='word_1_82' title='bbox 472 969 724 997; x_wconf 83' lang='lat' dir='ltr'>concessum</span> <span class='ocrx_word' id='word_1_83' title='bbox 771 962 848 998; x_wconf 89' lang='lat' dir='ltr'>est.</span> <span class='ocrx_word' id='word_1_84' title='bbox 910 957 1000 998; x_wconf 86' lang='lat' dir='ltr'>Nec</span> <span class='ocrx_word' id='word_1_85' title='bbox 1045 957 1181 997; x_wconf 89' lang='lat' dir='ltr'>minor</span> <span class='ocrx_word' id='word_1_86' title='bbox 1230 957 1539 998; x_wconf 84' lang='lat' dir='ltr'>illustrissimos</span> <span class='ocrx_word' id='word_1_87' title='bbox 1586 951 1764 1011; x_wconf 84' lang='lat' dir='ltr'>patruos</span> 
     </span>
     <span class='ocr_line' id='line_1_13' title="bbox 279 1027 1766 1081; baseline 0 -13"><span class='ocrx_word' id='word_1_88' title='bbox 279 1034 375 1069; x_wconf 90' lang='lat' dir='ltr'>tuos</span> <span class='ocrx_word' id='word_1_89' title='bbox 407 1027 617 1069; x_wconf 84' lang='lat' dir='ltr'>Joannem</span> <span class='ocrx_word' id='word_1_90' title='bbox 652 1035 693 1068; x_wconf 93' lang='grc'>01</span> <span class='ocrx_word' id='word_1_91' title='bbox 727 1027 1049 1081; x_wconf 69' lang='lat' dir='ltr'>sigismundum</span> <span class='ocrx_word' id='word_1_92' title='bbox 1082 1028 1217 1068; x_wconf 88' lang='lat' dir='ltr'>tenuit</span> <span class='ocrx_word' id='word_1_93' title='bbox 1245 1027 1374 1075; x_wconf 87' lang='lat' dir='ltr'>fama,</span> <span class='ocrx_word' id='word_1_94' title='bbox 1409 1041 1516 1080; x_wconf 76' lang='grc'><strong>(11105</strong></span> <span class='ocrx_word' id='word_1_95' title='bbox 1549 1034 1593 1068; x_wconf 89' lang='lat' dir='ltr'>ut</span> <span class='ocrx_word' id='word_1_96' title='bbox 1617 1027 1766 1069; x_wconf 87' lang='lat' dir='ltr'>unicos</span> 
     </span>
     <span class='ocr_line' id='line_1_14' title="bbox 278 1098 1766 1152; baseline 0.001 -13"><span class='ocrx_word' id='word_1_97' title='bbox 278 1098 493 1147; x_wconf 83' lang='lat' dir='ltr'>habebas,</span> <span class='ocrx_word' id='word_1_98' title='bbox 539 1098 598 1138; x_wconf 84' lang='lat' dir='ltr'>ita</span> <span class='ocrx_word' id='word_1_99' title='bbox 640 1098 790 1139; x_wconf 89' lang='lat' dir='ltr'>unicos</span> <span class='ocrx_word' id='word_1_100' title='bbox 839 1099 1119 1140; x_wconf 81' lang='lat' dir='ltr'>observabas.</span> <span class='ocrx_word' id='word_1_101' title='bbox 1184 1099 1362 1151; x_wconf 76' lang='lat' dir='ltr'>Nequeo</span> <span class='ocrx_word' id='word_1_102' title='bbox 1411 1099 1617 1152; x_wconf 84' lang='lat' dir='ltr'>patruelis</span> <span class='ocrx_word' id='word_1_103' title='bbox 1666 1105 1766 1140; x_wconf 84' lang='lat' dir='ltr'>tuae</span> 
     </span>
     <span class='ocr_line' id='line_1_15' title="bbox 277 1169 1766 1224; baseline -0.001 -14"><span class='ocrx_word' id='word_1_104' title='bbox 277 1169 594 1210; x_wconf 78' lang='lat' dir='ltr'>Muiiificentiae</span> <span class='ocrx_word' id='word_1_105' title='bbox 639 1169 769 1210; x_wconf 85' lang='lat' dir='ltr'>illotis</span> <span class='ocrx_word' id='word_1_106' title='bbox 814 1176 859 1210; x_wconf 90' lang='lat' dir='ltr'>ut</span> <span class='ocrx_word' id='word_1_107' title='bbox 905 1170 1022 1210; x_wconf 86' lang='lat' dir='ltr'>aiunt</span> <span class='ocrx_word' id='word_1_108' title='bbox 1071 1170 1266 1211; x_wconf 85' lang='lat' dir='ltr'>manibus</span> <span class='ocrx_word' id='word_1_109' title='bbox 1307 1170 1519 1212; x_wconf 85' lang='lat' dir='ltr'>Joachimi</span> <span class='ocrx_word' id='word_1_110' title='bbox 1562 1170 1766 1224; x_wconf 89' lang='lat' dir='ltr'>principis</span> 
     </span>
     <span class='ocr_line' id='line_1_16' title="bbox 277 1240 1767 1294; baseline -0.001 -12"><span class='ocrx_word' id='word_1_111' title='bbox 277 1240 501 1282; x_wconf 86' lang='lat' dir='ltr'>clarissimi</span> <span class='ocrx_word' id='word_1_112' title='bbox 534 1240 643 1281; x_wconf 72' lang='lat' dir='ltr'>sacri</span> <span class='ocrx_word' id='word_1_113' title='bbox 676 1241 886 1281; x_wconf 87' lang='lat' dir='ltr'>Electoris</span> <span class='ocrx_word' id='word_1_114' title='bbox 919 1241 1090 1294; x_wconf 89' lang='lat' dir='ltr'>Imperii</span> <span class='ocrx_word' id='word_1_115' title='bbox 1122 1254 1279 1282; x_wconf 85' lang='lat' dir='ltr'>nomen</span> <span class='ocrx_word' id='word_1_116' title='bbox 1307 1241 1503 1289; x_wconf 84' lang='lat' dir='ltr'>transire,</span> <span class='ocrx_word' id='word_1_117' title='bbox 1539 1254 1664 1294; x_wconf 83' lang='lat' dir='ltr'>quam</span> <span class='ocrx_word' id='word_1_118' title='bbox 1698 1240 1767 1281; x_wconf 87' lang='lat' dir='ltr'>hic</span> 
     </span>
     <span class='ocr_line' id='line_1_17' title="bbox 277 1311 1766 1365; baseline 0.001 -12"><span class='ocrx_word' id='word_1_119' title='bbox 277 1311 443 1353; x_wconf 85' lang='lat' dir='ltr'>consilii</span> <span class='ocrx_word' id='word_1_120' title='bbox 474 1312 781 1365; x_wconf 86' lang='lat' dir='ltr'>promptissimi</span> <span class='ocrx_word' id='word_1_121' title='bbox 817 1325 944 1364; x_wconf 78' lang='lat' dir='ltr'>quam</span> <span class='ocrx_word' id='word_1_122' title='bbox 978 1311 1163 1364; x_wconf 82' lang='lat' dir='ltr'>denique</span> <span class='ocrx_word' id='word_1_123' title='bbox 1194 1311 1433 1353; x_wconf 88' lang='lat' dir='ltr'>dictaturae</span> <span class='ocrx_word' id='word_1_124' title='bbox 1467 1311 1766 1365; x_wconf 77' lang='lat' dir='ltr'>peritissimus,</span> 
     </span>
     <span class='ocr_line' id='line_1_18' title="bbox 279 1382 1767 1437; baseline -0.001 -13"><span class='ocrx_word' id='word_1_125' title='bbox 279 1384 347 1425; x_wconf 90' lang='lat' dir='ltr'>cui</span> <span class='ocrx_word' id='word_1_126' title='bbox 368 1397 436 1424; x_wconf 91' lang='lat' dir='ltr'>me</span> <span class='ocrx_word' id='word_1_127' title='bbox 458 1382 617 1424; x_wconf 87' lang='lat' dir='ltr'>arbitro</span> <span class='ocrx_word' id='word_1_128' title='bbox 648 1383 862 1424; x_wconf 87' lang='lat' dir='ltr'>secundas</span> <span class='ocrx_word' id='word_1_129' title='bbox 892 1383 1126 1423; x_wconf 79' lang='lat' dir='ltr'>Dictatoris</span> <span class='ocrx_word' id='word_1_130' title='bbox 1156 1383 1428 1436; x_wconf 82' lang='lat' dir='ltr'>adscripsero</span> <span class='ocrx_word' id='word_1_131' title='bbox 1451 1390 1607 1437; x_wconf 87' lang='lat' dir='ltr'>partes.</span> <span class='ocrx_word' id='word_1_132' title='bbox 1642 1382 1767 1424; x_wconf 89' lang='lat' dir='ltr'>Venit</span> 
     </span>
     <span class='ocr_line' id='line_1_19' title="bbox 277 1453 1767 1507; baseline -0.001 -12"><span class='ocrx_word' id='word_1_133' title='bbox 277 1453 570 1496; x_wconf 84' lang='lat' dir='ltr'>recensendus</span> <span class='ocrx_word' id='word_1_134' title='bbox 616 1454 1015 1495; x_wconf 77' lang='lat' dir='ltr'>Reverendissimus</span> <span class='ocrx_word' id='word_1_135' title='bbox 1061 1454 1262 1495; x_wconf 85' lang='lat' dir='ltr'>Albertus</span> <span class='ocrx_word' id='word_1_136' title='bbox 1304 1454 1647 1507; x_wconf 85' lang='lat' dir='ltr'>Moguntinensis</span> <span class='ocrx_word' id='word_1_137' title='bbox 1681 1453 1767 1507; x_wconf 90' lang='lat' dir='ltr'>epi-</span> 
     </span>
     <span class='ocr_line' id='line_1_20' title="bbox 280 1525 1767 1579; baseline -0.001 -13"><span class='ocrx_word' id='word_1_138' title='bbox 280 1538 436 1579; x_wconf 87' lang='lat' dir='ltr'>scopus</span> <span class='ocrx_word' id='word_1_139' title='bbox 469 1526 675 1579; x_wconf 76' lang='lat' dir='ltr'>patruelis</span> <span class='ocrx_word' id='word_1_140' title='bbox 709 1525 855 1566; x_wconf 87' lang='lat' dir='ltr'>itidem</span> <span class='ocrx_word' id='word_1_141' title='bbox 889 1532 986 1565; x_wconf 89' lang='lat' dir='ltr'>tuus</span> <span class='ocrx_word' id='word_1_142' title='bbox 1012 1525 1166 1578; x_wconf 89' lang='lat' dir='ltr'>dignus</span> <span class='ocrx_word' id='word_1_143' title='bbox 1189 1539 1256 1566; x_wconf 90' lang='lat' dir='ltr'>me</span> <span class='ocrx_word' id='word_1_144' title='bbox 1280 1525 1468 1577; x_wconf 88' lang='lat' dir='ltr'>hercule,</span> <span class='ocrx_word' id='word_1_145' title='bbox 1504 1526 1600 1566; x_wconf 86' lang='lat' dir='ltr'>alea</span> <span class='ocrx_word' id='word_1_146' title='bbox 1624 1525 1767 1566; x_wconf 88' lang='lat' dir='ltr'>claris-</span> 
     </span>
     <span class='ocr_line' id='line_1_21' title="bbox 279 1596 1767 1650; baseline -0.001 -13"><span class='ocrx_word' id='word_1_147' title='bbox 279 1597 478 1637; x_wconf 87' lang='lat' dir='ltr'>simorum</span> <span class='ocrx_word' id='word_1_148' title='bbox 525 1597 707 1637; x_wconf 84' lang='lat' dir='ltr'>virorum</span> <span class='ocrx_word' id='word_1_149' title='bbox 749 1596 950 1648; x_wconf 80' lang='lat' dir='ltr'>adscribi,</span> <span class='ocrx_word' id='word_1_150' title='bbox 997 1596 1050 1637; x_wconf 86' lang='lat' dir='ltr'>de</span> <span class='ocrx_word' id='word_1_151' title='bbox 1086 1610 1167 1649; x_wconf 87' lang='lat' dir='ltr'>quo</span> <span class='ocrx_word' id='word_1_152' title='bbox 1203 1603 1243 1637; x_wconf 90' lang='lat' dir='ltr'>et</span> <span class='ocrx_word' id='word_1_153' title='bbox 1276 1597 1464 1650; x_wconf 80' lang='lat' dir='ltr'>paginae</span> <span class='ocrx_word' id='word_1_154' title='bbox 1506 1596 1767 1649; x_wconf 85' lang='lat' dir='ltr'>aequissimo</span> 
     </span>
     <span class='ocr_line' id='line_1_22' title="bbox 278 1667 1768 1722; baseline 0 -14"><span class='ocrx_word' id='word_1_155' title='bbox 278 1669 368 1709; x_wconf 90' lang='lat' dir='ltr'>iure</span> <span class='ocrx_word' id='word_1_156' title='bbox 402 1668 605 1722; x_wconf 88' lang='lat' dir='ltr'>compleri</span> <span class='ocrx_word' id='word_1_157' title='bbox 651 1673 843 1721; x_wconf 86' lang='lat' dir='ltr'>possent.</span> <span class='ocrx_word' id='word_1_158' title='bbox 899 1667 1006 1708; x_wconf 80' lang='lat' dir='ltr'>Sunt</span> <span class='ocrx_word' id='word_1_159' title='bbox 1040 1667 1224 1720; x_wconf 85' lang='lat' dir='ltr'>denique</span> <span class='ocrx_word' id='word_1_160' title='bbox 1272 1681 1377 1720; x_wconf 86' lang='lat' dir='ltr'>quos</span> <span class='ocrx_word' id='word_1_161' title='bbox 1423 1667 1565 1709; x_wconf 89' lang='lat' dir='ltr'>adhuc</span> <span class='ocrx_word' id='word_1_162' title='bbox 1603 1667 1768 1708; x_wconf 86' lang='lat' dir='ltr'>habeas</span> 
     </span>
     <span class='ocr_line' id='line_1_23' title="bbox 279 1738 1768 1793; baseline -0.002 -12"><span class='ocrx_word' id='word_1_163' title='bbox 279 1740 534 1793; x_wconf 81' lang='lat' dir='ltr'>superstites</span> <span class='ocrx_word' id='word_1_164' title='bbox 568 1752 651 1780; x_wconf 89' lang='grc'><strong>11011</strong></span> <span class='ocrx_word' id='word_1_165' title='bbox 684 1738 899 1779; x_wconf 87' lang='lat' dir='ltr'>inferioris</span> <span class='ocrx_word' id='word_1_166' title='bbox 932 1739 1072 1780; x_wconf 85' lang='lat' dir='ltr'>laudis</span> <span class='ocrx_word' id='word_1_167' title='bbox 1106 1739 1357 1780; x_wconf 79' lang='lat' dir='ltr'>Germanos.</span> <span class='ocrx_word' id='word_1_168' title='bbox 1398 1740 1514 1780; x_wconf 83' lang='lat' dir='ltr'>Inter</span> <span class='ocrx_word' id='word_1_169' title='bbox 1546 1751 1654 1792; x_wconf 91' lang='lat' dir='ltr'>quos</span> <span class='ocrx_word' id='word_1_170' title='bbox 1687 1738 1768 1792; x_wconf 94' lang='lat' dir='ltr'>pri-</span> 
     </span>
     <span class='ocr_line' id='line_1_24' title="bbox 278 1798 1767 1864; baseline -0.001 -13"><span class='ocrx_word' id='word_1_171' title='bbox 278 1824 371 1851; x_wconf 90' lang='lat' dir='ltr'>mus</span> <span class='ocrx_word' id='word_1_172' title='bbox 406 1823 502 1851; x_wconf 86' lang='lat' dir='ltr'>sese</span> <span class='ocrx_word' id='word_1_173' title='bbox 534 1798 849 1851; x_wconf 85' lang='lat' dir='ltr'>illustrissimus</span> <span class='ocrx_word' id='word_1_174' title='bbox 882 1810 1083 1864; x_wconf 85' lang='lat' dir='ltr'>princeps</span> <span class='ocrx_word' id='word_1_175' title='bbox 1119 1810 1350 1851; x_wconf 80' lang='lat' dir='ltr'>Casimirus</span> <span class='ocrx_word' id='word_1_176' title='bbox 1384 1810 1507 1851; x_wconf 84' lang='lat' dir='ltr'>offert</span> <span class='ocrx_word' id='word_1_177' title='bbox 1534 1809 1767 1851; x_wconf 85' lang='lat' dir='ltr'>fidissimus</span> 
     </span>
     <span class='ocr_line' id='line_1_25' title="bbox 280 1881 1769 1936; baseline -0.002 -12"><span class='ocrx_word' id='word_1_178' title='bbox 280 1883 333 1924; x_wconf 91' lang='lat' dir='ltr'>ob</span> <span class='ocrx_word' id='word_1_179' title='bbox 368 1882 460 1923; x_wconf 92' lang='lat' dir='ltr'>eius</span> <span class='ocrx_word' id='word_1_180' title='bbox 494 1882 754 1935; x_wconf 79' lang='lat' dir='ltr'>singularem</span> <span class='ocrx_word' id='word_1_181' title='bbox 779 1882 1089 1933; x_wconf 78' lang='lat' dir='ltr'>strenuitatem,</span> <span class='ocrx_word' id='word_1_182' title='bbox 1123 1882 1408 1936; x_wconf 88' lang='lat' dir='ltr'>prudentiam,</span> <span class='ocrx_word' id='word_1_183' title='bbox 1443 1881 1638 1932; x_wconf 85' lang='lat' dir='ltr'>consilia,</span> <span class='ocrx_word' id='word_1_184' title='bbox 1672 1894 1769 1923; x_wconf 90' lang='lat' dir='ltr'>con-</span> 
     </span>
     <span class='ocr_line' id='line_1_26' title="bbox 280 1952 1768 2007; baseline -0.001 -13"><span class='ocrx_word' id='word_1_185' title='bbox 280 1954 478 1995; x_wconf 83' lang='lat' dir='ltr'>stantiam</span> <span class='ocrx_word' id='word_1_186' title='bbox 514 1967 562 1994; x_wconf 83' lang='lat' dir='ltr'>ac</span> <span class='ocrx_word' id='word_1_187' title='bbox 597 1953 995 2006; x_wconf 80' lang='lat' dir='ltr'>magnanimitatem</span> <span class='ocrx_word' id='word_1_188' title='bbox 1028 1953 1297 1996; x_wconf 87' lang='lat' dir='ltr'>invictissimi</span> <span class='ocrx_word' id='word_1_189' title='bbox 1328 1953 1605 2007; x_wconf 85' lang='lat' dir='ltr'>Imperatoris</span> <span class='ocrx_word' id='word_1_190' title='bbox 1638 1952 1768 1993; x_wconf 84' lang='lat' dir='ltr'>Maxi-</span> 
     </span>
     <span class='ocr_line' id='line_1_27' title="bbox 279 2024 1767 2078; baseline 0 -14"><span class='ocrx_word' id='word_1_191' title='bbox 279 2024 439 2065; x_wconf 86' lang='lat' dir='ltr'>miliani</span> <span class='ocrx_word' id='word_1_192' title='bbox 471 2024 675 2072; x_wconf 81' lang='lat' dir='ltr'>Achates,</span> <span class='ocrx_word' id='word_1_193' title='bbox 710 2025 830 2065; x_wconf 87' lang='grc'><strong>0111115</strong></span> <span class='ocrx_word' id='word_1_194' title='bbox 863 2024 990 2065; x_wconf 83' lang='lat' dir='ltr'>fortia</span> <span class='ocrx_word' id='word_1_195' title='bbox 1014 2025 1247 2078; x_wconf 86' lang='lat' dir='ltr'>plaeraque</span> <span class='ocrx_word' id='word_1_196' title='bbox 1272 2024 1389 2066; x_wconf 87' lang='lat' dir='ltr'>facta</span> <span class='ocrx_word' id='word_1_197' title='bbox 1413 2024 1540 2065; x_wconf 89' lang='lat' dir='ltr'>etiam</span> <span class='ocrx_word' id='word_1_198' title='bbox 1564 2024 1767 2066; x_wconf 87' lang='lat' dir='ltr'>victoriae</span> 
     </span>
     <span class='ocr_line' id='line_1_28' title="bbox 280 2094 1767 2151; baseline -0.001 -15"><span class='ocrx_word' id='word_1_199' title='bbox 280 2095 395 2136; x_wconf 91' lang='lat' dir='ltr'>dona</span> <span class='ocrx_word' id='word_1_200' title='bbox 440 2109 643 2149; x_wconf 85' lang='lat' dir='ltr'>superare</span> <span class='ocrx_word' id='word_1_201' title='bbox 676 2095 885 2137; x_wconf 88' lang='lat' dir='ltr'>videntur.</span> <span class='ocrx_word' id='word_1_202' title='bbox 934 2095 1045 2144; x_wconf 76' lang='lat' dir='ltr'>Quid</span> <span class='ocrx_word' id='word_1_203' title='bbox 1079 2095 1132 2136; x_wconf 90' lang='lat' dir='ltr'>de</span> <span class='ocrx_word' id='word_1_204' title='bbox 1167 2095 1438 2136; x_wconf 89' lang='lat' dir='ltr'>sanctissimo</span> <span class='ocrx_word' id='word_1_205' title='bbox 1470 2095 1548 2151; x_wconf 80' lang='lat' dir='ltr'>illo¹</span> <span class='ocrx_word' id='word_1_206' title='bbox 1576 2094 1767 2148; x_wconf 89' lang='lat' dir='ltr'>principe</span> 
     </span>
     <span class='ocr_line' id='line_1_29' title="bbox 279 2165 1768 2220; baseline -0.001 -13"><span class='ocrx_word' id='word_1_207' title='bbox 279 2166 469 2217; x_wconf 90' lang='lat' dir='ltr'>Alberto,</span> <span class='ocrx_word' id='word_1_208' title='bbox 494 2166 763 2220; x_wconf 84' lang='lat' dir='ltr'>egregiorum</span> <span class='ocrx_word' id='word_1_209' title='bbox 786 2165 1050 2207; x_wconf 84' lang='lat' dir='ltr'>dominorum</span> <span class='ocrx_word' id='word_1_210' title='bbox 1076 2166 1388 2207; x_wconf 86' lang='lat' dir='ltr'>Cruciferorum</span> <span class='ocrx_word' id='word_1_211' title='bbox 1410 2166 1612 2207; x_wconf 90' lang='lat' dir='ltr'>Brussiae</span> <span class='ocrx_word' id='word_1_212' title='bbox 1640 2165 1768 2206; x_wconf 83' lang='lat' dir='ltr'>Prae-</span> 
     </span>
     <span class='ocr_line' id='line_1_30' title="bbox 281 2237 1770 2290; baseline -0.001 -12"><span class='ocrx_word' id='word_1_213' title='bbox 281 2239 372 2279; x_wconf 90' lang='lat' dir='ltr'>sule</span> <span class='ocrx_word' id='word_1_214' title='bbox 418 2251 662 2289; x_wconf 88' lang='lat' dir='ltr'>memorem,</span> <span class='ocrx_word' id='word_1_215' title='bbox 709 2237 828 2278; x_wconf 90' lang='lat' dir='ltr'>cuius</span> <span class='ocrx_word' id='word_1_216' title='bbox 861 2237 977 2278; x_wconf 89' lang='lat' dir='ltr'>fama</span> <span class='ocrx_word' id='word_1_217' title='bbox 1023 2244 1142 2278; x_wconf 87' lang='lat' dir='ltr'>tanto</span> <span class='ocrx_word' id='word_1_218' title='bbox 1189 2238 1371 2279; x_wconf 88' lang='lat' dir='ltr'>caeteris</span> <span class='ocrx_word' id='word_1_219' title='bbox 1413 2237 1647 2290; x_wconf 83' lang='lat' dir='ltr'>augustior,</span> <span class='ocrx_word' id='word_1_220' title='bbox 1692 2249 1770 2290; x_wconf 85' lang='lat' dir='ltr'>per</span> 
     </span>
     <span class='ocr_line' id='line_1_31' title="bbox 280 2307 1769 2362; baseline -0.001 -13"><span class='ocrx_word' id='word_1_221' title='bbox 280 2309 537 2354; x_wconf 67' lang='lat' dir='ltr'>universam,</span> <span class='ocrx_word' id='word_1_222' title='bbox 583 2314 752 2350; x_wconf 89' lang='lat' dir='ltr'>tenetur</span> <span class='ocrx_word' id='word_1_223' title='bbox 799 2308 1067 2358; x_wconf 76' lang='lat' dir='ltr'>Sarmatiam,</span> <span class='ocrx_word' id='word_1_224' title='bbox 1106 2309 1385 2362; x_wconf 90' lang='lat' dir='ltr'>principibus,</span> <span class='ocrx_word' id='word_1_225' title='bbox 1433 2314 1591 2360; x_wconf 85' lang='lat' dir='ltr'>quanto</span> <span class='ocrx_word' id='word_1_226' title='bbox 1625 2307 1769 2348; x_wconf 76' lang='lat' dir='ltr'>divina</span> 
     </span>
     <span class='ocr_line' id='line_1_32' title="bbox 280 2378 1768 2434; baseline -0.001 -14"><span class='ocrx_word' id='word_1_227' title='bbox 280 2380 476 2421; x_wconf 87' lang='lat' dir='ltr'>humanis</span> <span class='ocrx_word' id='word_1_228' title='bbox 508 2380 822 2434; x_wconf 85' lang='lat' dir='ltr'>praeferuntur,</span> <span class='ocrx_word' id='word_1_229' title='bbox 856 2380 1079 2421; x_wconf 88' lang='lat' dir='ltr'>umbilicos</span> <span class='ocrx_word' id='word_1_230' title='bbox 1113 2380 1241 2421; x_wconf 89' lang='lat' dir='ltr'>etiam</span> <span class='ocrx_word' id='word_1_231' title='bbox 1270 2379 1547 2433; x_wconf 81' lang='lat' dir='ltr'>longissimae</span> <span class='ocrx_word' id='word_1_232' title='bbox 1581 2378 1768 2432; x_wconf 85' lang='lat' dir='ltr'>paginae</span> 
     </span>
     <span class='ocr_line' id='line_1_33' title="bbox 280 2450 1769 2505; baseline -0.002 -13"><span class='ocrx_word' id='word_1_233' title='bbox 280 2452 374 2492; x_wconf 90' lang='lat' dir='ltr'>laus</span> <span class='ocrx_word' id='word_1_234' title='bbox 411 2451 636 2505; x_wconf 89' lang='lat' dir='ltr'>repentino</span> <span class='ocrx_word' id='word_1_235' title='bbox 683 2457 725 2492; x_wconf 91' lang='lat' dir='ltr'>et</span> <span class='ocrx_word' id='word_1_236' title='bbox 758 2452 794 2492; x_wconf 88' lang='lat' dir='ltr'>si</span> <span class='ocrx_word' id='word_1_237' title='bbox 826 2451 938 2505; x_wconf 91' lang='lat' dir='ltr'>pede</span> <span class='ocrx_word' id='word_1_238' title='bbox 984 2457 1248 2505; x_wconf 88' lang='lat' dir='ltr'>pertractata</span> <span class='ocrx_word' id='word_1_239' title='bbox 1292 2451 1471 2491; x_wconf 83' lang='lat' dir='ltr'>fratrum</span> <span class='ocrx_word' id='word_1_240' title='bbox 1510 2450 1769 2502; x_wconf 89' lang='lat' dir='ltr'>reliquorum</span> 
     </span>
     <span class='ocr_line' id='line_1_34' title="bbox 283 2520 1767 2576; baseline -0.001 -13"><span class='ocrx_word' id='word_1_241' title='bbox 283 2523 436 2575; x_wconf 81' lang='lat' dir='ltr'>quibus</span> <span class='ocrx_word' id='word_1_242' title='bbox 470 2521 649 2575; x_wconf 86' lang='lat' dir='ltr'>candes)</span> <span class='ocrx_word' id='word_1_243' title='bbox 689 2528 958 2576; x_wconf 79' lang='lat' dir='ltr'>exposceret,</span> <span class='ocrx_word' id='word_1_244' title='bbox 1004 2536 1087 2575; x_wconf 80' lang='lat' dir='ltr'>quo</span> <span class='ocrx_word' id='word_1_245' title='bbox 1122 2523 1264 2563; x_wconf 82' lang='lat' dir='ltr'>evenit</span> <span class='ocrx_word' id='word_1_246' title='bbox 1298 2530 1343 2562; x_wconf 86' lang='lat' dir='ltr'>ut</span> <span class='ocrx_word' id='word_1_247' title='bbox 1378 2522 1414 2562; x_wconf 91' lang='lat' dir='ltr'>si</span> <span class='ocrx_word' id='word_1_248' title='bbox 1446 2521 1489 2562; x_wconf 90' lang='lat' dir='ltr'>id</span> <span class='ocrx_word' id='word_1_249' title='bbox 1521 2520 1767 2575; x_wconf 86' lang='lat' dir='ltr'>provinciae</span> 
     </span>
     <span class='ocr_line' id='line_1_35' title="bbox 281 2594 1768 2647; baseline -0.001 -12"><span class='ocrx_word' id='word_1_250' title='bbox 281 2594 424 2635; x_wconf 89' lang='lat' dir='ltr'>subire</span> <span class='ocrx_word' id='word_1_251' title='bbox 469 2595 640 2645; x_wconf 89' lang='lat' dir='ltr'>niterer,</span> <span class='ocrx_word' id='word_1_252' title='bbox 688 2594 902 2635; x_wconf 85' lang='lat' dir='ltr'>Entellum</span> <span class='ocrx_word' id='word_1_253' title='bbox 946 2594 1087 2635; x_wconf 89' lang='lat' dir='ltr'>Dares</span> <span class='ocrx_word' id='word_1_254' title='bbox 1134 2606 1425 2647; x_wconf 81' lang='lat' dir='ltr'>provocarem,</span> <span class='ocrx_word' id='word_1_255' title='bbox 1470 2599 1511 2633; x_wconf 91' lang='lat' dir='ltr'>te</span> <span class='ocrx_word' id='word_1_256' title='bbox 1550 2598 1768 2646; x_wconf 85' lang='lat' dir='ltr'>postremo</span> 
     </span>
     <span class='ocr_line' id='line_1_36' title="bbox 280 2663 1768 2719; baseline -0.001 -13"><span class='ocrx_word' id='word_1_257' title='bbox 280 2664 339 2719; x_wconf 92' lang='lat' dir='ltr'>(et</span> <span class='ocrx_word' id='word_1_258' title='bbox 362 2666 397 2706; x_wconf 92' lang='lat' dir='ltr'>si</span> <span class='ocrx_word' id='word_1_259' title='bbox 419 2664 595 2719; x_wconf 89' lang='lat' dir='ltr'>primus)</span> <span class='ocrx_word' id='word_1_260' title='bbox 629 2665 831 2719; x_wconf 88' lang='lat' dir='ltr'>princeps</span> <span class='ocrx_word' id='word_1_261' title='bbox 854 2664 1171 2718; x_wconf 86' lang='lat' dir='ltr'>fulgentissime</span> <span class='ocrx_word' id='word_1_262' title='bbox 1206 2665 1387 2705; x_wconf 89' lang='lat' dir='ltr'>orationi</span> <span class='ocrx_word' id='word_1_263' title='bbox 1406 2663 1633 2705; x_wconf 88' lang='lat' dir='ltr'>Aeschinis</span> <span class='ocrx_word' id='word_1_264' title='bbox 1657 2663 1768 2705; x_wconf 90' lang='lat' dir='ltr'>simi-</span> 
     </span>
     <span class='ocr_line' id='line_1_37' title="bbox 282 2733 1768 2791; baseline -0.001 -14"><span class='ocrx_word' id='word_1_265' title='bbox 282 2737 427 2777; x_wconf 90' lang='lat' dir='ltr'>limum</span> <span class='ocrx_word' id='word_1_266' title='bbox 473 2734 702 2791; x_wconf 63' lang='grc' dir='ltr'>νιφάῧεσσιν</span> <span class='ocrx_word' id='word_1_267' title='bbox 739 2733 999 2790; x_wconf 73' lang='grc' dir='ltr'>χειμερίοισιν</span> <span class='ocrx_word' id='word_1_268' title='bbox 1046 2736 1172 2778; x_wconf 82' lang='lat' dir='ltr'>obvio</span> <span class='ocrx_word' id='word_1_269' title='bbox 1207 2748 1379 2776; x_wconf 89' lang='lat' dir='ltr'>assumo</span> <span class='ocrx_word' id='word_1_270' title='bbox 1413 2741 1601 2788; x_wconf 79' lang='lat' dir='ltr'>pectore.</span> <span class='ocrx_word' id='word_1_271' title='bbox 1643 2747 1768 2787; x_wconf 89' lang='lat' dir='ltr'>quem</span> 
     </span>
     <span class='ocr_line' id='line_1_38' title="bbox 282 2805 1768 2861; baseline -0.002 -13"><span class='ocrx_word' id='word_1_272' title='bbox 282 2808 443 2861; x_wconf 87' lang='lat' dir='ltr'>pietate</span> <span class='ocrx_word' id='word_1_273' title='bbox 491 2808 640 2848; x_wconf 72' lang='lat' dir='ltr'>Curios</span> <span class='ocrx_word' id='word_1_274' title='bbox 675 2808 804 2848; x_wconf 87' lang='lat' dir='ltr'>facile</span> <span class='ocrx_word' id='word_1_275' title='bbox 844 2807 1014 2849; x_wconf 83' lang='lat' dir='ltr'>vincere</span> <span class='ocrx_word' id='word_1_276' title='bbox 1049 2807 1219 2860; x_wconf 86' lang='lat' dir='ltr'>agnovi,</span> <span class='ocrx_word' id='word_1_277' title='bbox 1267 2807 1338 2859; x_wconf 88' lang='lat' dir='ltr'>qui</span> <span class='ocrx_word' id='word_1_278' title='bbox 1376 2805 1544 2858; x_wconf 87' lang='lat' dir='ltr'>eloquio</span> <span class='ocrx_word' id='word_1_279' title='bbox 1577 2805 1768 2858; x_wconf 87' lang='lat' dir='ltr'>Regulos</span> 
     </span>
     <span class='ocr_line' id='line_1_39' title="bbox 283 2876 1767 2932; baseline -0.002 -13"><span class='ocrx_word' id='word_1_280' title='bbox 283 2892 494 2928; x_wconf 77' lang='lat' dir='ltr'>assumas,</span> <span class='ocrx_word' id='word_1_281' title='bbox 530 2879 728 2919; x_wconf 86' lang='lat' dir='ltr'>comitate</span> <span class='ocrx_word' id='word_1_282' title='bbox 774 2878 1046 2919; x_wconf 88' lang='lat' dir='ltr'>Drusonibus</span> <span class='ocrx_word' id='word_1_283' title='bbox 1081 2877 1395 2932; x_wconf 86' lang='lat' dir='ltr'>comparandus</span> <span class='ocrx_word' id='word_1_284' title='bbox 1428 2877 1593 2927; x_wconf 88' lang='lat' dir='ltr'>venias,</span> <span class='ocrx_word' id='word_1_285' title='bbox 1628 2876 1767 2930; x_wconf 89' lang='lat' dir='ltr'>probi-</span> 
     </span>
    </p>
   </div>
  </div>
 </body>
</html>
