1898 3278
265 162 312 196 36

446 307 559 345 Nuda
591 306 700 352 fides,
735 306 921 354 probitas,
956 307 1090 352 virtus,
1126 308 1344 344 reverentia
1376 306 1518 352 divum,

446 378 493 415 Et
525 377 640 415 facile
672 378 880 425 ingenium,
914 388 1121 425 rerumque
1157 378 1319 414 scientia
1350 377 1470 414 multa
1495 407 1502 414 .
1529 407 1537 414 .
1564 406 1572 414 .

449 478 830 488 ............
855 449 1026 496 Legatus
1059 449 1200 485 missus
1233 448 1281 486 ab
1314 448 1409 486 urbe

446 521 632 558 Cardines
665 520 880 567 summique
913 519 1035 566 patris
1068 518 1246 557 suffultus
1278 519 1437 563 honore,

447 592 635 629 Pannonii
667 591 817 628 Primas
850 590 958 638 regni
992 590 1168 638 pervenit
1200 591 1238 627 in
1270 591 1345 627 isto

446 664 646 702 Conventu
678 663 797 699 multa
827 661 996 709 ingenio,
1030 661 1095 708 qui
1126 661 1322 709 multaque
1356 660 1432 699 fido

447 733 659 773 Commoda
691 732 851 770 consilio
884 743 955 780 pro
987 733 1097 780 regni
1130 733 1331 780 utriusque
1365 733 1489 770 salute

446 806 649 853 Disquirit‚
682 804 877 851 velletque
909 803 1034 841 libens
1067 815 1295 840 succurrere
1327 803 1457 848 rebus,

446 879 528 915 Nec
562 878 616 914 sic
649 875 804 913 infectis
836 875 924 912 hinc
957 886 1072 923 reges
1104 873 1236 912 forsan
1270 874 1432 920 abirent,

447 951 610 996 Nanque
642 947 748 984 videt
779 946 948 995 prudens
981 958 1051 994 per
1082 945 1202 983 multa
1233 946 1428 984 volumina
1453 957 1581 983 rerum

448 1022 523 1058 Tot
555 1019 656 1056 mala
688 1030 787 1066 quae
820 1018 950 1066 parvis
984 1029 1029 1054 ex
1063 1018 1227 1054 orientia
1259 1018 1417 1055 causis.
1446 1047 1485 1054 ..

448 1091 591 1129 Balbus
623 1092 715 1128 item
748 1089 894 1126 Phoebi
928 1088 1134 1136 quondam,
1169 1100 1268 1125 nunc
1289 1089 1362 1126 rite
1383 1088 1579 1133 sacerdos,

448 1164 495 1200 Et
526 1163 633 1200 Jovis
664 1162 858 1209 interpres
890 1160 985 1204 veri,
1020 1160 1084 1208 qui
1117 1159 1282 1208 grandia
1313 1159 1417 1197 facta

448 1234 639 1271 Hunniaci
672 1231 806 1270 scribit
836 1232 958 1279 regni,
992 1234 1125 1278 totque
1158 1230 1279 1268 edidit
1311 1231 1401 1269 olim

447 1305 560 1352 Quod
592 1316 661 1342 sua
693 1316 769 1342 non
801 1304 902 1352 potis
936 1306 995 1340 est
1026 1314 1194 1350 unquam
1217 1315 1451 1340 evanescere
1484 1302 1600 1340 fama.

448 1377 538 1414 Piso
572 1377 686 1413 etiam
719 1378 852 1412 nostro
885 1375 944 1411 vir
974 1375 1013 1411 in
1045 1386 1141 1411 aevo
1174 1373 1311 1412 doctus
1345 1378 1383 1412 et
1414 1386 1506 1411 acer

447 1449 675 1495 Magnorum
707 1458 830 1494 nuper
862 1447 926 1494 qui
958 1445 1078 1483 multa
1109 1446 1265 1493 negotia
1296 1457 1432 1494 regum

449 1519 673 1563 Tractabat,
709 1517 812 1565 quod
845 1518 878 1554 si
911 1518 1046 1554 stricto
1079 1517 1190 1565 pede,
1226 1518 1307 1554 sive
1341 1516 1467 1554 soluto

448 1589 686 1639 Aggreditur
718 1589 923 1636 quicquam
956 1589 1008 1625 nil
1042 1592 1101 1625 est
1133 1589 1305 1625 exactius
1331 1619 1337 1625 .
1366 1622 1373 1628 .
1400 1619 1407 1625 .

269 1730 401 1787 (quat.
446 1732 515 1774 kb.
560 1731 740 1772 k'oz'olve
777 1744 856 1772 van
901 1730 1164 1772 Ulaszlonak
1197 1743 1280 1783 egy
1323 1730 1544 1771 Miksahoz
1583 1730 1760 1771 intezett

268 1805 422 1849 1017010,
467 1803 581 1856 mely
622 1802 712 1843 kelt
744 1802 931 1853 Posonii,
977 1801 1114 1855 prima
1162 1801 1230 1842 die
1275 1802 1435 1843 mensis
1482 1801 1597 1843 ι111111.
1649 1801 1761 1842 Anni

268 1872 461 1927 MDXV).
487 1874 652 1924 Quibus
671 1873 871 1927 perlectis
894 1872 1256 1926 Archiepiscopus
1281 1871 1761 1925 Quinqueecclesiensis

269 1946 458 2000 explosis
490 1945 556 1996 iis,
603 1945 674 1995 qui
708 1958 761 1985 ex
805 1944 947 1985 multis
980 1943 1237 1985 videbantur
1270 1957 1323 1985 ex
1363 1944 1476 1995 aula,
1522 1943 1758 1985 orationem

270 2018 376 2059 satis
409 2023 602 2058 ornatam
635 2015 714 2057 sed
748 2015 1019 2069 prolixiorem
1052 2028 1178 2068 quam
1210 2015 1304 2069 ipse
1338 2014 1524 2056 fortasse
1546 2015 1666 2056 locus
1689 2027 1760 2055 ex-

270 2095 480 2143 posceret,
516 2100 638 2129 orsus
672 2094 751 2137 est,
785 2087 828 2127 111
862 2100 946 2139 qua
977 2092 1075 2140 post
1107 2086 1439 2139 gratulationem
1472 2085 1526 2127 de
1561 2085 1760 2127 Caesaris

269 2160 459 2202 adventu
503 2158 678 2212 regibus
722 2157 1043 2208 iucundissimo,
1090 2157 1408 2210 eorundemque
1441 2157 1484 2198 in
1528 2156 1760 2198 Caesarem

269 2233 449 2272 relatam
481 2229 826 2272 benevolentiam
859 2236 988 2281 atque
1012 2228 1167 2280 officia,
1204 2242 1299 2270 cum
1328 2227 1556 2281 magnifice
1578 2228 1761 2282 impera-

270 2303 375 2344 toris
420 2301 573 2342 laudes
606 2308 893 2354 prosequutus
926 2299 1093 2349 fuisset,
1130 2299 1184 2339 ad
1217 2312 1368 2353 pacem
1403 2298 1760 2351 concordiamque

269 2373 499 2415 ineundam
533 2386 583 2414 ac
615 2372 931 2426 expeditionem
975 2371 1019 2411 in
1051 2370 1215 2411 Turcas
1255 2369 1573 2423 suscipiendam
1606 2369 1762 2410 oratio-

270 2458 369 2485 nem
403 2444 623 2495 convertit,
657 2442 823 2484 medius
856 2442 982 2483 fidius
1016 2442 1122 2483 satis
1167 2441 1376 2482 eruditam
1409 2440 1490 2482 nisi
1522 2440 1634 2481 hanc
1666 2440 1762 2480 ulti-

270 2530 383 2557 mam
415 2522 595 2569 partem,
641 2528 766 2567 quam
801 2527 881 2567 ego
914 2514 957 2554 in
991 2525 1256 2554 communem
1300 2512 1466 2565 Regum
1505 2517 1761 2553 conventum

272 2587 411 2641 potius
430 2586 692 2636 reiecissem‚
712 2585 837 2626 nimis
853 2585 1041 2625 Asiatice
1056 2583 1101 2624 id
1125 2590 1190 2624 est
1214 2583 1387 2637 copiose
1408 2583 1706 2624 tractavisset.
1724 2616 1731 2623 .
1752 2616 1759 2622 .

392 2656 524 2711 (quat.
560 2657 607 2698 P.
645 2654 758 2709 113).
810 2655 1143 2710 Epithalamium
1189 2654 1303 2707 quod
1347 2667 1429 2707 ego
1467 2653 1511 2694 in
1554 2653 1762 2695 Ludovici

271 2730 403 2783 Regis
436 2742 486 2770 ac
531 2728 691 2769 Mariae
724 2726 989 2768 matrimonio
1035 2726 1166 2766 multo
1200 2732 1299 2766 ante
1332 2724 1471 2766 triduo
1511 2724 1761 2774 effuderam,

272 2800 493 2841 Vladislao
527 2799 637 2853 patri
669 2799 774 2852 regi,
808 2797 1087 2839 obserendum
1121 2797 1282 2847 censui,
1327 2797 1635 2849 ingressusque
1669 2795 1762 2836 eius

272 2872 427 2921 aulam,
473 2884 567 2912 011111
599 2870 730 2911 fratre
774 2869 1011 2910 Sarmatiae
1055 2868 1175 2921 Rege
1209 2867 1389 2909 subinde
1421 2867 1668 2918 loquentem
1700 2866 1761 2907 ita

272 2942 392 2983 brevi
424 2942 580 2981 affatus
614 2954 719 2981 sum.
771 2940 890 2989 Quae
923 2939 965 2979 in
997 2938 1169 2980 laudem
1203 2937 1456 2979 matrimonii
1489 2936 1762 2978 Serenissimi
