1955 3278
1500 110 1566 142 159

85 263 292 296 racemos,
328 251 362 291 si
395 264 505 303 aqua
542 257 583 292 et
616 251 791 292 humore
825 264 963 303 aqueo
996 251 1164 293 radices
1198 252 1289 293 eius
1316 264 1401 293 non
1422 252 1568 306 irriga-

84 320 265 362 rentur?
298 321 408 371 Quid
441 321 616 363 dicam?
649 322 761 374 quod
795 335 934 374 aquae
967 322 1009 363 in
1030 323 1220 376 plurimis
1253 324 1358 364 locis
1382 329 1424 364 et
1446 325 1568 365 terris

85 398 280 433 scateant
319 393 422 433 alibi
453 392 622 445 frigide,
670 393 771 434 alibi
804 393 956 441 calide,
1003 394 1103 434 alibi
1137 395 1375 447 promiscue
1412 395 1570 436 auxilia

83 463 324 504 morborum
369 463 655 511 conferentes„
701 470 742 504 et
785 477 807 504 e
842 464 1006 504 cunctis
1052 464 1305 506 animalibus
1354 465 1569 507 hominum

83 540 245 574 tantum
280 547 436 575 caussa
469 542 751 588 erumpentes.
786 534 996 575 Feruntur
1023 535 1148 584 31136,
1184 548 1292 587 (11136
1327 536 1446 577 31103
1479 537 1568 577 1113-

84 606 217 656 11111111,
263 606 393 659 capiti
437 605 610 646 auribus
656 606 876 658 oculisque
921 606 1118 659 privatim
1151 605 1386 656 medentur,
1427 607 1568 647 nervis

84 677 194 717 aliae
227 681 418 729 prosunt,
453 676 563 717 aliae
591 676 787 730 pedibus7
823 677 933 717 aliae
955 677 1111 717 luxatis
1136 683 1177 717 et
1199 676 1346 717 fractis
1369 677 1567 719 membris

85 754 182 788 sunt
225 747 470 788 adiumento
517 748 627 788 aliae
672 748 850 788 vulnera
896 754 1062 789 sanant.
1121 748 1248 788 Aiunt
1294 761 1391 789 esse
1425 748 1567 789 fontes

83 819 125 859 in
160 818 385 859 Sardiniae
417 818 570 869 insula,
605 818 676 871 qui
709 819 925 860 oculorum
959 819 1253 871 aegritudines
1289 825 1426 870 331131,
1465 833 1567 873 pan-

85 889 188 929 dant
221 896 262 930 et
295 889 497 930 damnent
529 889 658 939 fures,
705 903 811 942 quos
846 891 881 930 si
912 889 1070 930 flumen
1102 896 1294 943 tangant,
1336 890 1463 930 etiam
1498 904 1567 931 ex-

85 966 276 1001 caecant.
331 961 436 1001 Villa
479 961 606 1002 etiam
647 961 700 1002 ab
739 961 907 1002 Averno
940 961 1035 1001 lacu
1072 960 1332 1014 Campaniae
1364 961 1568 1002 Puteolos

84 1031 360 1072 tendentibus
404 1032 604 1086 imposita
648 1033 779 1073 littori
823 1032 1041 1073 celebrata
1087 1032 1250 1085 porticu
1297 1038 1338 1073 et
1381 1046 1567 1083 nemore⁷

86 1116 210 1154 quam
244 1111 369 1144 vocat
401 1103 454 1144 M.
491 1103 638 1144 Cicero
672 1103 948 1145 Academiam
982 1103 1035 1144 ab
1070 1103 1265 1156 exemplo
1304 1103 1569 1144 Athenarum

86 1173 240 1226 exiguo
285 1180 383 1227 post
427 1174 586 1215 obitum
631 1174 766 1228 ipsius
800 1182 990 1227 tempore
1037 1173 1219 1214 Antistio
1253 1180 1399 1215 vetere
1432 1175 1567 1228 possi-

86 1243 213 1284 dente
250 1251 479 1298 eruperunt
510 1245 653 1286 fontes
687 1244 813 1286 calidi
846 1258 1051 1298 perquam
1088 1245 1283 1286 salubres
1317 1245 1465 1295 0611113,
1501 1258 1567 1286 66-

85 1314 238 1355 lebrati
271 1328 296 1355 a
327 1315 497 1356 Laurea
530 1316 667 1367 Tullo⁷
703 1316 773 1368 qui
805 1316 884 1356 fuit
906 1329 928 1356 e
952 1315 1114 1356 libertis
1143 1316 1235 1356 eius
1263 1315 1337 1356 tali
1360 1316 1565 1357 carmine:

292 1422 405 1468 Quod
436 1427 499 1460 tua
533 1425 701 1460 Romane
734 1424 874 1460 vindex
906 1423 1120 1460 clarissime
1152 1423 1319 1470 linguae,

353 1494 467 1543 Sylva
499 1495 584 1532 loco
618 1494 753 1531 melius
788 1507 945 1542 surgere
979 1496 1085 1531 iussa
1117 1495 1227 1538 viret,

291 1566 416 1613 Atque
451 1566 684 1603 Academiae
718 1566 951 1603 celebratam
986 1566 1137 1603 nomine
1171 1565 1300 1602 villam

350 1638 460 1673 Nunc
494 1641 649 1685 reparat
682 1637 785 1674 cultu
819 1637 888 1674 sub
923 1638 1071 1684 potiore
1104 1641 1228 1682 161113,

293 1709 365 1745 Η16
399 1709 513 1745 etiam
548 1712 709 1757 apparet
742 1708 922 1757 lymphae
954 1720 1028 1745 non
1063 1712 1151 1744 ante
1183 1711 1360 1756 repertae

350 1780 553 1827 Languida
586 1792 684 1827 quae
716 1779 843 1817 infuso
876 1779 1019 1816 1111111113
1052 1791 1138 1816 rore
1172 1779 1313 1815 levant.

291 1852 479 1888 Nimirum
510 1851 618 1888 locus
651 1853 734 1899 ipse
769 1852 825 1888 sui
861 1851 1058 1888 Ciceronis
1091 1850 1226 1887 honori

351 1922 433 1958 Hoc
466 1922 585 1966 dedit,
621 1922 692 1958 hac
726 1921 852 1959 fontes
886 1933 971 1958 cum
1005 1921 1189 1969 patefecit
1221 1933 1306 1969 ope,

293 1993 341 2029 Ut
375 1994 554 2039 quoniam
588 1996 709 2030 totum
742 1992 884 2041 legitur
917 1994 998 2029 31116
1028 1992 1101 2029 fine
1124 2004 1194 2040 per
1216 1993 1360 2036 orbem,

351 2064 433 2101 sint
465 2064 594 2112 plures
627 2064 748 2102 oculis
782 2076 879 2111 (11136
914 2064 1140 2100 medeantur
1171 2076 1307 2111 aquae.

203 2169 250 2210 In
275 2169 426 2211 eadem
451 2170 710 2224 Campaniae
734 2171 910 2223 regione
936 2170 1226 2211 Sinnessanae
1244 2167 1287 2223 (1)
1313 2167 1377 2222 (z
1395 2169 1567 2210 Sinues-

86 2239 236 2292 sanae)
254 2254 393 2293 aquae
413 2242 680 2282 sterilitatem
698 2241 978 2282 foeminarum
999 2248 1040 2282 et
1057 2240 1239 2282 virorum
1264 2240 1474 2281 insaniam
1495 2240 1569 2282 ab·

87 2313 201 2353 olere
219 2312 465 2366 produntur.
482 2312 530 2353 In
544 2312 729 2354 Arcadia
745 2326 842 2354 esse
858 2312 1033 2363 fontem,
1051 2312 1121 2364 qui
1142 2319 1308 2365 partum
1328 2311 1555 2363 custodiat,

85 2389 127 2424 61
145 2383 337 2435 alterum,
359 2383 430 2436 qui
447 2384 640 2425 abortum
662 2383 753 2425 fieri
775 2383 1015 2437 prohibeat,
1036 2383 1077 2423 in
1101 2383 1287 2423 Aenaria
1311 2383 1401 2424 sive
1422 2383 1565 2424 Pithe-

85 2466 190 2494 61133
233 2454 374 2495 11131113
418 2468 552 2507 aquas
598 2468 695 2496 esse
737 2468 846 2507 quae
888 2454 1114 2495 calculosis
1154 2453 1389 2495 medentur.
1437 2454 1567 2495 Juxta

84 2524 261 2566 Romam
306 2525 487 2567 Albulae
521 2539 658 2578 aquae
704 2525 951 2567 vulneribus
984 2532 1172 2579 prosunt.
1221 2524 1347 2578 Apud
1381 2524 1566 2566 Sabinos

85 2609 198 2648 aqua
230 2603 295 2637 est
328 2597 606 2650 gelidissima,
642 2610 751 2649 quae
797 2596 1020 2651 aptissima
1060 2596 1113 2637 sit
1147 2595 1379 2647 stomacho,
1425 2595 1566 2636 nervis

86 2673 128 2707 et
159 2668 359 2709 universo
383 2668 560 2722 corpori.
596 2669 736 2709 Lacus
769 2668 982 2722 Amphion
1004 2667 1150 2708 itidem
1171 2667 1357 2708 universi
1379 2667 1566 2720 corporis

84 2737 244 2787 vitium,
290 2738 402 2791 quod
440 2739 602 2791 vitiligo
636 2739 798 2785 dicitur,
839 2739 959 2780 tollit.
1011 2737 1183 2791 Cydnus
1223 2738 1396 2779 Ciliciae
1430 2738 1567 2778 amnis

84 2808 328 2862 podagricis
372 2810 578 2851 medetur.
629 2811 790 2864 Tungri
834 2810 984 2851 civitas
1030 2808 1195 2850 Galliae
1234 2809 1395 2850 fontem
1435 2808 1566 2850 habet

84 2880 310 2933 insignem,
345 2881 416 2933 qui
449 2894 628 2935 corpora
659 2888 827 2935 purgat⁷
861 2881 1068 2922 tertianas
1095 2879 1239 2921 febres
1267 2880 1451 2931 discutit,
1481 2880 1566 2921 631-

1622 336 1734 375 Aquae

1623 394 1736 421 contra

1626 444 1732 474 varios

1616 495 1749 526 morbos

1605 547 1751 579 remedia

1592 604 1769 640 praestant,

1598 2321 1764 2353 Arcadiae

1635 2374 1718 2405 fons.
