1919 3273
349 126 418 161 452

351 268 675 315 Sigismundus
701 270 880 307 Thurzo
919 269 1181 317 prepositus
1216 269 1436 306 Albensis
1470 280 1524 306 ac
1552 270 1848 308 Serenissimi

348 334 665 381 hungarorum
704 336 750 372 et
781 335 1084 372 bohemorum
1109 336 1194 372 etc.
1229 334 1374 381 Regis
1409 335 1694 373 secretarius
1726 336 1846 374 Aldo

924 411 1006 437 suo
1035 401 1244 437 salutem.
1266 401 1276 421 ¹

467 488 746 529 Devenerunt
763 487 815 528 iis
833 487 986 529 diebus
1011 489 1114 530 certi
1131 488 1266 529 libelli
1287 488 1329 529 in
1352 488 1531 529 formam
1553 488 1788 530 Enchiridii
1805 490 1848 531 in

350 572 468 601 meas
493 572 544 600 ac
569 559 932 600 Reverendissimi
955 559 1113 600 domini
1139 559 1312 613 Georgii
1341 559 1546 614 Episcopi
1567 560 1846 602 Varadiensis

348 644 514 682 manus,
550 630 704 683 quibus
726 636 901 684 propter
934 644 1079 671 eorum
1113 630 1416 672 comoditatem
1444 630 1619 672 mirifice
1644 631 1847 673 oblectati

348 702 516 743 fuimus.
549 702 659 743 Nam
682 715 735 743 ex
756 715 838 755 quo
871 708 1048 756 propter
1079 703 1222 744 varias
1245 709 1415 743 nostras
1449 703 1756 756 occupationes
1775 703 1847 745 vix

349 780 512 814 tantum
546 773 671 814 nobis
705 774 787 815 ocii
819 773 1068 815 conceditur
1101 779 1146 814 ut
1174 774 1218 814 in
1248 774 1401 815 edibus
1434 774 1592 815 nostris
1614 775 1754 828 poetis
1777 775 1847 816 vel

348 845 588 886 orat-oribus
606 858 763 887 vacare
787 845 1018 898 possimus,
1042 845 1094 885 iis
1112 851 1287 899 propter
1310 859 1454 886 eorum
1476 845 1843 887 tractabilitatem:

348 922 390 957 et
421 916 534 957 inter
578 916 884 957 ambulandum
929 922 971 957 et
1010 922 1055 957 ut
1089 916 1150 958 sic
1195 916 1371 957 dixerim
1417 917 1529 958 inter
1571 917 1845 959 aulicandum

347 993 476 1029 nacta
510 988 799 1041 oportunitate
832 1000 909 1041 pro
942 987 1138 1028 maximis
1172 987 1328 1028 utimur
1356 987 1540 1042 delicijs,
1574 995 1704 1041 utque
1738 988 1846 1031 duos

348 1071 401 1099 ex
432 1059 516 1100 illis
549 1064 655 1113 puta
674 1058 840 1112 Virgilij
877 1064 918 1099 et
952 1057 1096 1112 Oracij
1121 1072 1277 1112 opera:
1311 1059 1422 1100 inter
1451 1065 1618 1101 ceteros
1640 1059 1684 1101 id
1707 1073 1844 1113 genus

345 1130 516 1172 libellos
549 1130 688 1184 magis
722 1130 986 1184 castigatos:
1022 1136 1065 1170 et
1099 1130 1415 1184 pulchrioribus
1444 1130 1735 1172 caracteribus
1768 1131 1844 1172 im-

346 1215 522 1256 pressos
558 1216 611 1243 ex
644 1201 797 1242 edibus
830 1201 929 1242 Aldi
960 1201 1142 1242 Romani
1176 1202 1358 1243 emissos
1393 1202 1599 1256 conspexi
1621 1215 1719 1244 mox
1741 1202 1845 1244 mihi

346 1273 389 1314 in
435 1279 623 1314 mentem
655 1273 786 1324 venit,
832 1280 948 1313 tuam
983 1278 1025 1313 et
1058 1272 1220 1313 hortari
1254 1279 1296 1313 et
1339 1286 1460 1314 orare
1507 1273 1842 1315 humanitatem:

347 1357 429 1397 quo
456 1358 533 1398 pro
557 1345 693 1386 veteri
725 1350 872 1385 nostra
904 1344 1112 1385 Amicicia
1143 1343 1333 1385 Marcum
1356 1357 1525 1397 quoque
1549 1344 1734 1385 Tullium
1756 1350 1843 1385 tam

345 1417 389 1458 in
421 1416 627 1470 Epistolis
662 1429 788 1468 quam
825 1415 961 1457 eciam
993 1416 1037 1456 in
1071 1415 1166 1456 aliis
1193 1415 1325 1466 libris,
1358 1415 1401 1456 in
1424 1415 1506 1457 hac
1531 1415 1683 1456 eadam
1705 1415 1844 1456 forma

345 1487 580 1541 legendum
612 1487 737 1528 nobis
770 1486 978 1528 traderes.
1017 1486 1060 1528 Si
1092 1487 1223 1540 igitur
1256 1486 1507 1528 charissime
1540 1486 1650 1528 Alde
1673 1485 1842 1540 z‘cogno-

346 1558 459 1600 veris
492 1558 607 1599 hunc
640 1572 767 1611 quem
799 1557 958 1600 veteris
991 1557 1197 1599 Amicicie
1230 1564 1376 1598 nostre
1410 1571 1543 1599 causa
1571 1557 1649 1599 tibi
1669 1558 1841 1611 impono

345 1630 561 1672 laborem:
585 1631 660 1672 tibi
685 1643 771 1671 non
792 1643 890 1671 esse
918 1629 1079 1682 aliquid
1103 1629 1280 1684 dampni
1300 1630 1539 1671 allaturum.
1563 1629 1681 1671 Velis
1702 1629 1838 1672 Reve-

344 1703 588 1744 rendissimi
606 1701 766 1743 domini
782 1701 1061 1742 Varadiensis
1082 1707 1123 1741 et
1141 1714 1236 1742 meo
1257 1701 1473 1742 desiderio
1491 1714 1651 1742 morem
1669 1715 1839 1755 gerere:

344 1780 473 1827 atque
506 1773 637 1814 libros
671 1772 801 1826 Tullij
837 1785 944 1825 quos
979 1772 1070 1813 sine
1104 1778 1176 1813 tuo
1210 1772 1421 1814 beneficio
1454 1772 1601 1825 legere
1635 1785 1719 1814 non
1742 1785 1838 1826 pos-

345 1858 491 1887 sumus
523 1844 735 1898 legendos
769 1843 892 1885 nobis
925 1843 1107 1884 tradere.
1140 1843 1188 1884 In
1211 1856 1292 1896 quo
1327 1849 1368 1884 et
1400 1843 1526 1885 nobis
1560 1850 1601 1884 et
1635 1843 1839 1885 studiosis

345 1916 540 1957 omnibus
572 1929 660 1957 rem
695 1915 832 1956 facies
865 1914 993 1956 valde
1028 1920 1208 1967 gratam.
1255 1914 1360 1956 Vale
1394 1914 1577 1955 feliciter
1619 1915 1684 1955 Ex
1715 1914 1840 1956 Buda

343 1988 427 2028 XX
460 1987 713 2028 Decembris
759 1999 871 2027 anno
918 1999 943 2026 a
975 1985 1211 2026 Nativitate
1261 1985 1418 2027 Christi
1462 1985 1687 2027 Millesimo
1721 1987 1838 2039 quin-

343 2059 584 2112 gentesimo
617 2058 767 2112 primo.

343 2214 419 2251 Ad.
445 2213 802 2250 Serenissimum
828 2223 883 2251 ao
914 2213 1279 2249 Invictissimum
1310 2213 1556 2249 Dominum
1580 2213 1838 2260 principem

344 2279 786 2316 christianissimum
823 2279 1073 2315 Dominum
1111 2279 1342 2315 Mathiam
1379 2278 1649 2325 Hungariae
1689 2279 1836 2315 Bohe-

343 2345 556 2392 miaeque
576 2346 661 2381 etc.
689 2345 867 2391 Regem
890 2346 974 2380 eto.
1002 2344 1223 2381 Iohannis
1251 2343 1470 2390 Tolhopff
1491 2344 1541 2380 in
1567 2343 1836 2380 Stellarium

953 2409 1203 2456 praefatio.
1220 2410 1232 2429 ‘²

461 2498 565 2539 Rem
598 2511 766 2549 novam,
812 2496 1094 2539 Serenissime
1138 2495 1347 2550 Princeps
1387 2509 1438 2537 ac
1470 2509 1620 2549 regum
1651 2497 1834 2537 maxime

343 2569 484 2611 denuo
518 2582 625 2610 aevo
658 2568 899 2610 Maiestatis
932 2568 1113 2609 Vestrae
1152 2568 1271 2608 iuxta
1305 2567 1694 2609 demonstratione-s
1727 2567 1834 2608 anti-

465 2674 473 2692 ¹
502 2674 742 2718 Autograph;
770 2674 848 2708 cod.
876 2673 1046 2707 Ambros.
1074 2673 1113 2706 E.
1142 2672 1197 2705 30.
1224 2672 1287 2706 inf.
1315 2672 1385 2706 vol.
1413 2671 1488 2705 VII.
1518 2672 1552 2705 A
1577 2670 1673 2706 level
1699 2671 1832 2705 hatan:

342 2733 542 2768 Excellenti
569 2743 610 2767 ac
637 2733 779 2767 erudito
805 2733 882 2766 viro
902 2732 1049 2766 domino
1076 2731 1173 2765 Aldo
1192 2732 1358 2765 Romano
1379 2731 1495 2765 amico
1515 2741 1598 2765 meo
1619 2731 1832 2766 clarissimo.

462 2792 474 2810 ²
501 2792 734 2826 Kivonatban
752 2792 898 2826 ko'zoltc
918 2792 1037 2835 Rumy
1058 2790 1269 2834 Zeitsclcrift
1289 2802 1356 2825 von
1376 2790 1451 2824 und
1469 2789 1533 2833 Γᾶν
1558 2789 1710 2834 Unyarn
1729 2790 1830 2824 1804.

343 2852 383 2885 V.
402 2863 437 2895 p.
457 2852 548 2893 2215„
567 2852 645 2885 216.
674 2850 844 2885 1463-1101
862 2850 944 2884 valo
973 2850 1103 2889 (Radix
1120 2850 1222 2884 Bude
1250 2850 1341 2883 1463
1368 2848 1408 2884 es
1435 2860 1604 2894 ugyanaz
1624 2860 1665 2883 az
1685 2847 1831 2884 evszam

341 2911 605 2955 gyakrabban)‚
635 2911 757 2944 1480-t
782 2911 813 2945 is
841 2911 954 2945 emliti
980 2909 1057 2953 (fol.
1085 2909 1176 2951 1421).
