1898 3278
243 133 310 166 110

242 288 363 329 nitati
408 287 578 328 laudem
625 300 677 327 ex
717 300 767 327 eo
812 286 1050 337 accedere3
1099 286 1253 327 deinde
1294 293 1339 327 ut
1377 292 1523 327 nostra
1562 299 1731 339 quoque

241 372 388 409 causa,
426 358 497 411 qui
531 371 626 399 eum
660 366 803 398 tamen
837 357 913 398 tibi
946 356 1308 408 commendamus⁷
1343 370 1466 398 esses
1499 370 1603 410 erga
1636 370 1731 399 eum

242 430 369 470 etiam
410 429 675 483 propensior.
727 428 851 478 Quod
891 429 972 470 etsi
1016 428 1293 481 intelligimus
1333 435 1375 469 te
1409 441 1486 481 per
1522 433 1564 469 te
1596 427 1731 469 fuisse

241 501 466 551 facturum7
514 500 593 542 erit
625 507 770 541 tamen
817 499 941 541 nobis
976 505 1237 553 pergratum,
1283 505 1328 539 ut
1360 499 1454 553 ipse
1500 498 1658 539 sentiat
1691 504 1734 540 et

242 572 407 626 reipsa
439 572 682 626 experiatur
714 571 826 613 hanc
860 577 1046 612 nostram
1083 570 1496 612 commendationem
1529 582 1613 611 non
1645 583 1732 611 me-

242 643 375 684 diocri
413 643 473 684 illi
507 643 602 684 usui
644 643 759 696 apud
807 642 1091 684 Serenitatem
1125 648 1238 682 tuam
1274 641 1481 682 extitisse.
1531 640 1655 690 Quod
1687 648 1732 681 ut

240 713 386 762 faciat,
434 714 616 755 eandem
664 713 949 755 Serenitatem
994 719 1110 754 tuam
1154 725 1418 766 magnopere
1463 712 1505 753 in
1547 712 1731 754 Domino

242 783 531 826 adhortamur.
586 786 743 826 Datum
792 785 953 825 Romae
999 791 1080 825 etc.
1134 783 1202 824 die
1249 783 1427 825 XXIIII.
1478 783 1732 825 Novembris

240 855 460 896 MDXXV.
496 855 777 897 Pontificatus
810 856 943 897 nostri
975 856 1098 896 Anno
1133 854 1345 896 Secundo.

339 1089 644 1126 serenissimo
681 1089 819 1136 atque
852 1088 1164 1125 Inviotissimo
1196 1087 1315 1134 Regi
1347 1087 1524 1124 Mathie
1551 1088 1635 1124 etc.

312 1154 584 1192 Pannnonie
617 1154 886 1202 dignissimo
921 1155 1006 1190 ete.
1049 1151 1319 1190 Anthonius
1359 1151 1658 1189 Constantius

301 1985 344 2019 10

664 1219 920 1267 phanensis
948 1230 996 1255 se
1025 1219 1281 1256 coffiendat.
1294 1219 1304 1239 ²

389 1333 612 1373 Pannonie
647 1332 908 1386 armipotens
941 1331 1033 1372 Rex
1066 1337 1108 1372 et
1141 1330 1375 1371 clarissime
1411 1330 1552 1383 gentis

449 1405 502 1444 Et
536 1404 672 1446 decus
706 1416 757 1444 ac
789 1403 930 1444 blanci
964 1403 1086 1455 glora
1120 1416 1285 1443 summa
1318 1401 1464 1455 patris,

389 1476 629 1517 Presidium
662 1474 901 1529 Hesperiae
934 1473 1035 1515 fidei
1069 1487 1169 1528 spes
1204 1473 1297 1514 sola
1330 1472 1539 1523 cadentis,

448 1546 542 1596 Qua
575 1547 699 1589 datur
732 1546 961 1588 aethereas
996 1545 1206 1586 scandere
1240 1557 1370 1598 posse
1405 1543 1569 1594 domOS‚

390 1619 547 1660 Rumor
579 1619 651 1670 ait⁷
685 1619 811 1659 latias
845 1631 982 1671 nuper
1014 1616 1196 1658 diffusus
1229 1617 1271 1657 in
1305 1615 1434 1656 urbes

450 1690 575 1739 Quod
607 1690 699 1731 fera
731 1702 806 1743 pro
840 1689 962 1730 nobis
995 1688 1140 1730 inclite
1173 1687 1288 1729 bella
1320 1700 1480 1728 moves.

387 1761 450 1802 Ex
482 1769 524 1803 te
558 1761 754 1815 belligeri
787 1773 989 1814 proceres
1023 1759 1277 1800 comitentur
1310 1765 1351 1799 et
1385 1758 1520 1800 omnis

448 1832 565 1874 Grens
597 1839 672 1873 tua
703 1845 816 1873 nunc
849 1831 1043 1872 Thurcos
1078 1830 1411 1883 sanguinolenta
1442 1830 1562 1883 petit,

389 1903 604 1954 Quantam
636 1903 847 1944 Pannonii
879 1916 1109 1955 numquam
1133 1902 1364 1942 meminere
1386 1906 1588 1955 parentes

450 1975 672 2028 Quamque
706 1975 893 2016 alacrem
927 1974 1097 2015 domino
1132 1986 1178 2014 se
1214 1972 1405 2014 sociasse
1439 1985 1529 2019 suo„

388 2047 501 2087 Proh
532 2046 671 2100 pudor
700 2046 903 2100 intrepidi
934 2045 1150 2086 minimum
1184 2057 1337 2085 secura
1369 2043 1551 2096 quiescit

448 2118 594 2159 Hostis
626 2117 761 2158 Roma
794 2117 858 2159 sui
890 2116 1252 2169 Parthenopeque
1286 2114 1410 2156 simul

387 2188 502 2229 Nulli
535 2202 653 2229 arma
684 2189 727 2229 in
759 2187 975 2229 Thurcum
1009 2187 1122 2228 Latii
1153 2199 1336 2240 rapuere
1368 2185 1549 2239 tyranni,

448 2260 587 2312 Atque
620 2258 814 2300 fluentini
847 2258 1032 2300 classica
1064 2258 1183 2298 nulla
1216 2262 1382 2308 sonant,

323 2344 341 2373 5
387 2332 479 2373 Nec
511 2332 628 2372 iuvat
661 2336 850 2371 armatas
882 2330 1060 2383 Pellago
1094 2328 1309 2370 deducere
1345 2328 1509 2369 classes

448 2401 746 2442 Trinachriam
780 2406 822 2442 et
854 2413 1019 2442 merces
1053 2399 1314 2441 dedidicisse
1336 2397 1351 2419 2
1385 2411 1499 2439 suas.

390 2473 530 2515 Grallia
563 2472 778 2523 dormitat,
812 2486 891 2514 nec
925 2477 1044 2513 curat
1076 2470 1254 2512 Hiberia
1289 2470 1514 2516 Christum,

447 2544 529 2585 Hei
560 2543 702 2593 michi,
737 2556 864 2584 verus
898 2556 1016 2584 amor
1039 2555 1225 2596 spesque
1254 2540 1449 2594 fidesque
1472 2539 1582 2594 perit

360 2684 369 2703 ¹
396 2674 492 2718 Abel
519 2694 539 2718 e
564 2682 777 2727 koltemeny
803 2681 955 2717 kezirati
981 2682 1138 2716 forrasat
1163 2691 1246 2715 nem
1271 2680 1402 2715 nevezi
1428 2689 1523 2724 meg.
1556 2680 1584 2713 E
1611 2679 1728 2714 kolte-

239 2743 387 2788 menyre
419 2743 583 2777 valaszol
620 2743 737 2777 Janus
764 2742 974 2775 Pannonius
1005 2741 1226 2785 ‹Elegiarum
1252 2740 1289 2780 I.,
1318 2740 1348 2774 8.
1376 2739 1528 2779 Teleki).
1565 2736 1728 2772 Mindket

238 2801 467 2847 koltemenyt
483 2802 748 2836 leforditottam
767 2799 808 2835 es
825 2799 1081 2835 bevezetessel
1098 2800 1231 2833 ellatva
1249 2799 1372 2833 adtam
1392 2798 1429 2832 ki
1448 2808 1489 2831 az
1511 2797 1728 2838 „Irodalom-

238 2861 411 2896 torteneti
438 2859 734 2904 Ko'zlemenyek“
763 2859 857 2894 XIII.
879 2862 910 2894 1.
936 2859 962 2893 f.
990 2860 1120 2901 (1903.)
1148 2859 1296 2893 79—85.
1324 2857 1472 2902 lapjain.

362 2921 374 2939 ²
401 2920 621 2954 declinuisse
637 2920 653 2953 P
680 2919 871 2954 delituisse
885 2920 901 2952 ἰ)
929 2918 994 2961 (sic
1011 2920 1017 2952 ἔ
1034 2919 1062 2961 Ῥ)
