1919 3273
87 259 154 293 635

87 615 154 650 640

86 970 153 1003 645

86 1326 154 1360 650

86 1683 153 1716 655

87 2040 156 2074 660

90 2395 157 2429 665

92 2749 160 2784 670

235 250 418 303 Elegere
450 250 589 290 locum
621 260 781 303 pugne⁷
814 250 996 290 tentoria
1029 250 1207 304 primum

236 320 496 374 Expandunt
527 321 679 361 tellure
712 333 824 362 nova
857 321 1085 362 candentia
1119 322 1241 375 palis.

235 391 492 445 Compositis
525 391 652 432 rebus
687 390 827 432 calida
860 392 1052 444 prolatus
1086 393 1138 434 ab
1171 393 1234 433 ira

236 463 510 504 Vuladislaus
539 462 624 511 *iter
657 462 834 516 cupiens
869 475 1093 516 erumpere
1128 463 1286 505 dudum

233 533 399 575 Affatur
430 533 545 587 prius
579 539 767 574 armatas
801 533 863 574 sic
896 533 1020 575 dulce
1056 534 1266 580 cohortes,

235 605 426 646 Eventus
458 604 561 645 belli
592 604 732 645 varios
767 605 845 645 sub
879 611 1053 659 pectore
1086 619 1289 647 versans:

235 675 438 728 Belligeri
471 675 623 716 castris
657 675 727 728 qui
760 688 923 717 mecum
958 677 1094 730 prelia
1125 683 1246 717 tanta

235 747 458 798 Gessistis,
492 747 649 788 totiens
684 747 848 800 experti
882 748 1060 789 vulnera
1090 748 1246 789 fratres

225 809 440 859 ‘Curarum
473 817 578 859 socii
611 831 782 872 semper
814 819 1045 869 mansistis,
1081 826 1121 860 et
1143 817 1298 872 {omnes

235 889 284 930 In
317 902 541 931 commune
575 889 732 930 malum
766 896 903 931 sortes
937 903 1149 943 casusque
1184 891 1348 932 tulistis.

236 960 434 1001 Summus
467 960 603 1001 honor
635 961 758 1002 vobis
790 961 917 1002 hodie
951 961 1219 1015 promittitur,
1253 962 1352 1003 inde

234 1030 345 1080 Quot
368 1031 520 1072 laudes
544 1031 663 1073 dabit
686 1046 771 1073 una
800 1032 907 1082 dies,
931 1040 1205 1074 monumenta
1229 1042 1328 1086 quot
1352 1033 1482 1075 addet

234 1102 280 1143 In
308 1102 433 1143 fastis
466 1116 651 1155 unquam
684 1104 799 1145 nullo
831 1104 1021 1157 peritura
1054 1105 1131 1146 sub
1166 1118 1286 1155 aevo7

236 1173 417 1223 Qualem
449 1173 566 1215 fama
598 1175 749 1216 volans
783 1180 824 1216 et
857 1175 980 1216 vobis
1014 1175 1199 1229 spondet
1225 1176 1430 1217 honorem

233 1245 314 1286 Pro
348 1245 474 1287 factis
507 1246 729 1298 gestisque
764 1246 896 1288 decus
931 1253 1190 1299 quantumve
1225 1246 1435 1288 decorem.

234 1316 417 1357 Divitias
449 1316 621 1357 fortuna
653 1323 790 1371 parat⁷
825 1331 909 1359 non
943 1318 1091 1358 ultima
1123 1318 1246 1366 turbe

232 1388 340 1428 Pars
374 1401 456 1441 ego
491 1401 583 1429 sum
616 1395 749 1440 tante,
783 1389 918 1443 patris
953 1389 1190 1430 clarissima
1223 1389 1366 1443 magni

230 1459 368 1512 Regia
402 1472 493 1500 sum
526 1460 685 1513 proles,
719 1460 871 1502 iaculis
905 1460 1116 1513 hostaque
1151 1461 1260 1502 virili

233 1531 400 1571 Primus
432 1531 548 1572 inibo
582 1544 734 1572 manus
768 1538 809 1572 et
842 1532 976 1572 multa
1007 1532 1113 1573 cede
1147 1539 1347 1574 cruentus

235 1601 418 1643 Saevius
450 1602 679 1643 incendam
713 1610 879 1644 mentes
914 1603 1186 1656 animumque
1218 1604 1431 1644 furentem

235 1673 405 1726 Setiger
436 1673 543 1715 irato
579 1673 687 1715 sicut
719 1674 934 1715 venabula
967 1674 1094 1716 dente

237 1745 529 1786 Excandescit
561 1758 680 1798 aper,
716 1746 877 1799 spumis
911 1745 1184 1787 manantibus
1219 1759 1289 1787 ore

233 1816 374 1857 Irritat
407 1822 610 1857 extensas
644 1816 885 1858 flammatus
919 1818 1132 1858 convomit
1163 1818 1248 1858 iras

234 1887 330 1929 Iure
364 1888 532 1940 quietus
566 1887 708 1929 adhuc
740 1889 953 1929 inimicum
989 1889 1153 1942 quaerit
1185 1889 1226 1929 in
1260 1888 1432 1930 umbras

238 1958 491 2000 Condensus
512 1973 745 2011 nemorum7
779 1960 970 2001 latebras
994 1966 1036 2001 et
1058 1961 1192 2002 lustra
1215 1973 1453 2014 pererrans.

237 2029 308 2072 Sic
342 2044 423 2084 ego
457 2030 721 2072 descendam
754 2031 890 2085 prima
923 2031 978 2072 ad
1012 2031 1247 2072 certamina
1278 2031 1411 2071 miles.

236 2101 326 2143 Hos
361 2102 488 2143 ardor
521 2102 723 2155 solusque
756 2103 879 2144 labor
911 2102 1014 2143 mihi
1046 2102 1187 2143 tradet
1219 2102 1416 2143 honores.

235 2173 299 2213 Tu
332 2187 399 2214 me
432 2173 515 2214 iam
550 2186 731 2226 sequere
756 2180 798 2215 et
819 2179 963 2214 tantas
986 2187 1071 2215 non
1094 2173 1269 2227 despice
1292 2172 1455 2214 laudes.

235 2244 330 2285 Non
363 2245 512 2298 procul
544 2258 570 2286 a
602 2246 759 2286 nostris
793 2251 995 2299 expectat
1028 2244 1204 2286 sedibus
1238 2245 1373 2285 hostis

239 2315 370 2363 Cesar
403 2323 444 2356 et
476 2315 673 2358 horrifico
709 2316 906 2358 discurrit
939 2316 1070 2357 milite
1105 2329 1280 2369 campos

238 2385 327 2427 Nos
348 2384 495 2441 [V0s12]
524 2401 686 2439 omnes,
708 2394 832 2441 parat
852 2394 980 2440 atque
1004 2387 1077 2428 uni
1098 2399 1174 2428 vos
1196 2386 1365 2427 tradere
1386 2387 1514 2428 laeto.

237 2457 332 2498 Non
356 2465 528 2511 sperate
551 2458 714 2512 fugam,
739 2459 817 2500 sed
841 2465 1015 2512 pectore
1039 2458 1235 2499 summite
1260 2455 1302 2511 (1)
1325 2457 1494 2498 ferrum.

238 2527 447 2581 Insequar
477 2530 571 2583 ipse
603 2530 751 2572 furens
784 2530 900 2570 nullo
935 2529 1178 2571 discrimine
1212 2534 1347 2581 terga.

242 2599 440 2642 Caesaris
473 2614 592 2642 arma
624 2615 774 2655 parum
807 2601 1001 2651 facimus,
1037 2601 1072 2641 si
1103 2606 1246 2640 mente
1280 2599 1387 2641 virili

239 2670 553 2724 Aggrediamur
587 2686 675 2724 eos⁷
711 2680 940 2714 tractemus
974 2677 1016 2713 et
1049 2671 1204 2712 acriter
1236 2683 1376 2712 enses.

239 2741 335 2783 Non
369 2756 444 2784 vos
479 2744 614 2784 civilis
648 2744 863 2786 discordia
895 2743 1035 2797 poscit
1069 2741 1124 2783 ad
1156 2743 1262 2783 iram

238 2811 335 2854 Non
366 2827 443 2855 vos
476 2815 678 2862 Armenii,
714 2814 903 2867 Scythici
936 2827 1015 2855 nec
1047 2814 1134 2855 tela
1166 2814 1392 2862 minantur,

242 2884 337 2926 [ure
370 2885 473 2926 mihi
504 2899 681 2938 regnum
718 2886 898 2927 debetur
929 2884 1099 2938 legibus
1134 2897 1235 2938 ergo
