1898 3278
1565 163 1611 196 95

125 304 444 346 consvetudinis
476 305 666 346 incessat
699 304 970 353 desiderium,
1005 318 1195 358 agnosco
1219 305 1451 346 bonitatem
1476 311 1607 356 tuam,

124 382 166 416 et
197 375 298 416 mihi
331 376 531 428 gratulor,
573 389 698 428 quom
731 388 858 429 pares
897 388 1051 428 operas
1087 375 1163 416 des
1196 376 1237 416 in
1271 376 1466 418 amando.
1512 375 1607 429 Ego

122 446 234 487 enim
266 453 308 487 te
333 460 502 500 semper
534 447 641 487 tanti
673 446 770 494 feci,
805 453 849 487 ut
879 460 1004 487 unam
1038 454 1176 488 tecum
1211 447 1604 489 deambulatiuncu-

120 517 203 557 lam
237 524 310 557 aut
354 517 606 558 familiarem
639 517 749 558 inter
781 530 858 558 nos
893 518 1369 559 commentatiunculam
1409 518 1604 559 omnibus

120 587 248 640 longe
270 587 561 641 voluptatibus
585 588 870 640 praetulerim.
904 587 1085 628 Accedit
1104 587 1207 629 illud
1231 589 1465 639 molestiae,
1491 588 1605 641 quod

118 659 161 699 in
205 665 290 699 tam
338 664 513 699 cruenta
551 659 654 699 urbe
699 658 897 709 verseris,
943 659 984 699 in
1020 671 1102 711 qua
1147 660 1307 712 passim
1354 666 1394 700 et
1432 660 1605 713 impune

119 729 277 770 caedes
302 730 627 781 committantur,
648 742 754 781 quas
778 737 821 770 tu
842 729 943 770 mihi
966 729 1075 770 adeo
1099 730 1304 784 graphice
1323 730 1604 784 descripsisti,

119 807 163 841 ut
196 799 293 841 dum
328 799 455 841 modo
488 806 585 841 tuas
617 800 763 841 literas
785 800 988 853 legerem,
1023 800 1084 840 rei
1106 800 1361 854 indignitate
1385 807 1605 854 permotus

119 871 480 921 exhorrescerem,
527 884 640 911 nunc
671 884 773 912 vero
807 871 911 911 nihil
942 872 1059 925 prius
1093 871 1290 923 habeam,
1325 885 1448 924 quam
1484 878 1528 912 ut
1560 877 1602 912 te

117 942 260 983 horter
292 955 343 983 ac
374 955 521 995 rogem
554 942 844 991 vehementer,
878 948 922 982 ut
956 942 1068 983 omni
1102 942 1240 983 studio
1270 949 1396 996 caput
1421 949 1462 983 et
1485 949 1600 983 tuam

119 1013 299 1054 salutem
333 1013 506 1054 tuearis.
553 1012 702 1054 Vale.¹

346 1169 385 1209 p.
423 1154 518 1196 114.
570 1153 736 1195 Caelius
772 1153 856 1195 Cal.
897 1154 1084 1207 Gasparz'
1118 1154 1287 1197 Seredz'o
1324 1154 1364 1195 S.

233 1294 239 1301 .
267 1297 273 1303 .
298 1296 305 1303 .
330 1262 452 1304 Ratio
473 1297 480 1304 .
501 1295 509 1303 .
530 1296 537 1304 .
562 1269 648 1303 tam
672 1262 858 1303 diuturni
891 1263 1048 1304 silentii
1070 1262 1153 1303 mei
1174 1262 1273 1303 inde
1303 1261 1498 1316 profecta
1518 1268 1597 1312 est,

113 1334 226 1387 quod
259 1334 545 1388 provinciales
578 1333 651 1384 tui,
687 1334 756 1386 qui
789 1333 858 1375 hic
891 1341 987 1374 sunt
1021 1334 1123 1375 mihi
1154 1332 1281 1375 fidem
1314 1334 1519 1383 fecerant,
1554 1339 1599 1373 te

112 1406 195 1446 iam
228 1418 400 1446 menses
433 1405 594 1457 aliquot
625 1405 667 1445 in
701 1404 857 1446 Urbem
892 1405 1174 1447 abscessisse.
1211 1404 1275 1446 Ob
1302 1404 1345 1445 id
1373 1418 1457 1445 non
1479 1404 1597 1458 prius

111 1477 167 1518 ad
199 1484 241 1517 te
275 1476 546 1517 scribendum
580 1482 843 1529 putaveram,
888 1490 1012 1529 quam
1047 1482 1091 1517 tu
1125 1476 1179 1517 de
1215 1475 1477 1530 profectione
1522 1482 1596 1516 tua

111 1547 417 1601 significasses,
453 1553 494 1588 et
527 1560 609 1600 quo
643 1547 793 1588 literae
826 1546 1111 1601 perferendae
1143 1554 1302 1598 essent,
1338 1547 1373 1587 si
1397 1546 1497 1600 quid
1521 1553 1595 1587 tua

110 1626 182 1660 aut
205 1625 353 1660 nostra
374 1619 617 1669 interesset,
651 1618 763 1671 quod
785 1618 913 1659 scribi
931 1626 1160 1672 oporteret,
1186 1618 1593 1659 commonefaceres.

112 1690 247 1740 Quom
267 1689 310 1731 in
344 1690 425 1731 hac
447 1689 576 1743 igitur
598 1689 732 1731 forem
755 1690 1070 1743 expectatione,
1093 1689 1223 1731 iidem
1245 1689 1305 1730 illi
1338 1689 1408 1742 qui
1432 1689 1594 1730 disces·

110 1775 202 1803 sum
226 1769 339 1802 tuum
366 1761 682 1811 nuntiaverant,
716 1774 782 1801 me
806 1760 1017 1802 adeuntes
1039 1761 1261 1814 accepisse
1286 1760 1363 1801 abs
1384 1767 1425 1801 te
1446 1760 1593 1801 literas

107 1833 254 1874 testati
287 1839 397 1883 sunt,
432 1832 583 1885 quibus
606 1838 647 1873 et
669 1838 710 1873 te
735 1832 874 1874 adhuc
909 1832 1128 1873 Bononiae
1162 1845 1291 1885 agere
1316 1838 1358 1873 et
1381 1845 1433 1873 ex
1455 1830 1593 1885 patria

108 1917 191 1946 non
217 1903 320 1945 satis
343 1903 494 1945 felices
521 1904 691 1944 nuntios
714 1904 938 1957 accepisse
961 1903 1244 1957 profitebaris.
1278 1902 1417 1956 Atque
1437 1903 1592 1944 iccirco

107 1976 183 2017 tibi
215 1975 410 2029 protinus
445 1987 541 2016 esse
576 1975 630 2016 ad
664 1974 984 2028 componendas
1017 1987 1085 2016 res
1112 1981 1208 2015 tuas
1231 1975 1273 2015 in
1294 1974 1474 2028 patriam
1497 1987 1594 2028 pro-

107 2046 356 2100 perandum,
397 2051 523 2098 teque
556 2046 841 2100 paucissimos
874 2052 971 2100 post
1005 2045 1097 2087 dies
1131 2045 1186 2087 ad
1219 2059 1297 2087 nos
1331 2045 1589 2087 adfuturum.

109 2117 295 2167 Quorum
330 2117 546 2158 hominum
580 2117 926 2158 commemoratio
951 2117 1033 2157 etsi
1055 2117 1157 2158 mihi
1179 2116 1365 2157 animum
1386 2116 1590 2170 perculis-

107 2195 184 2239 set,
232 2201 283 2229 ea
315 2194 458 2228 tamen
493 2201 592 2241 spes
624 2201 691 2228 me
732 2188 985 2237 sustinebat,
1032 2187 1145 2240 quod
1177 2194 1219 2228 te
1253 2188 1439 2229 visurum
1470 2187 1591 2228 brevi

107 2259 346 2313 sperabam.
381 2259 551 2300 Interim
585 2265 685 2300 tuae
710 2258 765 2300 ad
787 2272 853 2299 me
887 2260 1036 2300 literae
1060 2259 1344 2313 perferuntur,
1372 2259 1414 2299 in
1436 2259 1590 2312 quibus

107 2329 159 2372 de
193 2330 379 2371 adventu
412 2337 483 2371 tuo
505 2343 558 2370 ne
581 2330 757 2371 verbum
782 2330 965 2382 quidem,
999 2330 1159 2371 nullam
1187 2329 1239 2370 de
1261 2343 1399 2370 rerum
1422 2336 1588 2371 tuarum

104 2401 423 2455 perturbatione
457 2401 714 2442 mentionem
747 2401 952 2450 faciebas,
986 2401 1098 2453 quod
1121 2414 1226 2442 sane
1249 2401 1351 2442 mihi
1373 2400 1591 2442 iucundis-

106 2472 255 2512 simum
281 2472 470 2525 contigit,
495 2478 537 2513 et
556 2471 611 2512 Di
632 2472 894 2513 immortales
918 2472 1068 2523 faxint,
1101 2480 1146 2513 ut
1172 2473 1337 2514 illorum
1370 2472 1587 2513 hominum

104 2542 450 2584 obnuntiationes
494 2543 537 2583 in
572 2555 698 2584 auras
746 2543 1020 2597 dissipentur,
1067 2549 1110 2584 et
1141 2543 1246 2584 nihil
1284 2544 1412 2597 plane
1457 2542 1512 2583 ad
1544 2549 1587 2583 te

104 2614 357 2667 pertineant.
383 2613 448 2654 Tu
470 2627 571 2654 vero
595 2620 680 2654 tam
704 2614 898 2656 modeste
923 2614 1135 2655 silentium
1158 2628 1297 2655 meum
1318 2613 1586 2668 perstringis,

222 2765 231 2785 ¹
259 2766 449 2810 Minthogy
488 2765 733 2810 Calcagninus
759 2767 965 2801 leveleinek
996 2765 1258 2812 sorrendjeben
1286 2777 1305 2800 a
1332 2765 1588 2809 chronologiat

102 2824 262 2863 k'ovette,
301 2834 391 2858 ezen
429 2823 522 2858 leve'l
560 2825 685 2859 Idibus
717 2825 798 2859 Jan.
826 2826 869 2860 M.
887 2826 929 2859 D.
950 2825 1051 2859 XXII
1089 2824 1128 2860 es
1167 2825 1225 2859 VI.
1266 2825 1413 2859 Calend.
1457 2823 1587 2858 Octob-

101 2883 144 2917 M.
160 2883 201 2917 D.
217 2884 334 2917 XXIII
361 2884 447 2918 ko'zt
472 2884 695 2918 Ferraraban
720 2885 808 2919 kelt.
840 2877 907 2928 Igy
927 2885 1072 2919 vannak
1098 2886 1254 2929 ugyanis
1281 2885 1448 2919 keltezve
1468 2895 1488 2918 a
1505 2882 1585 2918 ker-

102 2940 210 2977 deses
236 2943 370 2977 levelet
396 2943 586 2987 megelozo'
612 2942 651 2977 es
678 2944 813 2978 k'oveto'
839 2944 992 2978 levelek.
