1919 3273
348 119 419 154 374

488 272 554 305 185

488 627 557 661 190

490 982 556 1016 195

489 1338 558 1373 200

492 2052 561 2086 210

494 2765 566 2798 220

606 261 858 303 Heufratem
892 259 1095 314 graditur,
1128 259 1331 313 videtque
1365 260 1539 314 Tygrim

605 332 742 374 Ambo
776 332 846 385 qui
879 331 995 373 socio
1028 331 1126 373 lacu
1157 331 1418 373 resolvuunt.

606 404 715 445 Hinc
747 403 803 444 ad
835 402 1104 456 palmiferam
1137 402 1282 444 ferens
1314 402 1488 444 idumen

608 475 679 517 Sic
710 474 811 516 inde
844 474 1048 515 Enichios
1081 473 1257 527 aditque
1292 472 1490 521 Colchos,

606 546 764 588 Pernix
797 544 1094 599 Cappadoces,
1128 545 1266 586 bonas
1301 544 1543 598 Saphenas.

608 617 789 658 Demum
824 616 1069 657 Trinacrios
1103 616 1222 657 sinus
1255 615 1451 669 profecta

605 688 666 729 Ac
698 686 994 740 Lestrigonios
1028 687 1123 727 tulit
1157 700 1202 728 se
1237 687 1292 728 ad
1330 700 1469 740 agros.

606 758 717 809 Quid
740 758 836 812 plus
858 756 1079 799 inmoror‘?
1113 757 1194 799 hec
1226 771 1385 810 vagum
1411 772 1489 812 per
1509 758 1656 800 orbem

606 830 772 872 Nomen
805 829 979 884 protulit
1011 829 1095 869 ista
1126 829 1244 870 fama
1276 829 1420 882 Regis.

605 901 772 942 lactent
806 914 852 942 se
885 907 1056 943 veteres
1090 900 1196 941 satis
1228 900 1402 953 probari

608 972 655 1013 In
687 972 835 1026 primis
867 971 1015 1026 tyrius,
1049 978 1278 1024 trucesque
1311 971 1447 1013 Poeni

607 1043 775 1085 Nostris
807 1043 1026 1085 Hannibal
1058 1055 1168 1083 unus
1200 1043 1337 1084 hostis
1371 1043 1469 1086 oris.

607 1115 701 1155 Heu
733 1120 885 1169 pastus
918 1114 1029 1155 male
1064 1114 1319 1167 sanguinem
1352 1114 1564 1165 Latinum,

606 1186 739 1227 Rome
773 1185 963 1240 perfidus
998 1192 1039 1226 et
1072 1186 1278 1226 molestus
1312 1185 1440 1236 arvis⁷

608 1257 808 1298 Laudant
839 1256 1087 1308 Aeacidem‚
1121 1256 1229 1298 duos
1262 1256 1449 1298 Atridas.

608 1329 660 1369 Et
692 1328 902 1382 Pyrrhum
936 1341 1031 1369 cum
1063 1328 1181 1369 Itaco
1215 1328 1385 1382 pelasgi
1417 1327 1541 1369 Ulixe

608 1400 750 1441 Tollat
783 1399 913 1440 Troia
946 1412 1067 1440 suum
1100 1399 1331 1440 Hectorem
1364 1398 1592 1451 Parimque

609 1472 661 1512 Et
695 1470 766 1523 qui
798 1470 1044 1512 Dardanios
1077 1470 1172 1511 tulit
1205 1470 1387 1524 penatis.

607 1543 767 1596 Ingens
799 1541 843 1583 in
876 1542 1059 1593 Latium,
1095 1555 1348 1594 sacramque
1381 1541 1572 1582 Vestam.

609 1616 693 1654 Aut
723 1612 974 1655 Anthenora
1007 1613 1173 1654 dulcius
1206 1613 1285 1654 sub
1320 1613 1404 1654 oris

615 1685 754 1727 Sedes
786 1685 971 1738 Illyricis
1008 1697 1110 1725 suas
1142 1685 1372 1735 locantem,

608 1757 662 1797 Et
695 1756 846 1797 tellure
880 1769 1039 1809 vagum
1071 1755 1254 1809 probent
1286 1755 1437 1797 Achivi

611 1828 746 1869 Cursu
779 1828 904 1881 signa
937 1827 1032 1868 tulit
1063 1832 1218 1881 potens
1251 1827 1295 1867 in
1328 1826 1453 1875 omni,

608 1900 662 1940 Et
695 1899 763 1941 cui
794 1898 944 1953 pervia
976 1898 1134 1939 Bactra
1166 1911 1266 1938 num
1297 1897 1536 1950 Dacheque

611 1971 830 2011 Parebant
862 1969 1073 2021 dominus,
1107 1969 1299 2022 bibitque
1335 1968 1542 2022 Gangem.

614 2041 763 2083 Clarus
798 2041 942 2095 Scipio
977 2041 1048 2093 qui
1078 2040 1217 2082 redire
1251 2040 1387 2081 iussit.

615 2112 743 2154 Cuius
777 2112 955 2154 consilio
990 2111 1143 2153 ducem
1176 2111 1318 2165 coegit

612 2184 866 2225 Vastantem
897 2183 1185 2224 Hannibalem
1217 2182 1349 2223 Italas
1383 2182 1532 2223 minas.

612 2256 731 2296 Alter
761 2261 970 2309 perpetuo
1005 2254 1159 2296 decore
1193 2253 1348 2307 dignus

614 2327 778 2367 Tristes
810 2326 989 2380 imperio
1024 2324 1133 2366 duas
1167 2331 1208 2366 et
1240 2324 1368 2366 urbes

617 2397 698 2446 Qui
731 2397 906 2446 delevit,
940 2397 1072 2438 habet
1105 2403 1230 2437 notas
1263 2395 1464 2449 triumphi

612 2469 786 2520 Paulus,
821 2468 994 2519 Lucius,
1029 2467 1227 2509 omnibus
1259 2473 1429 2507 tenetur

615 2539 760 2581 Gestis
795 2539 996 2593 egregius
1029 2538 1254 2591 magisque
1287 2545 1426 2578 notus.

614 2611 777 2652 Persen
812 2611 883 2663 qui
916 2609 1050 2652 valuit
1081 2609 1233 2662 fugare
1268 2622 1483 2662 magnum,

614 2683 668 2722 Et
701 2696 825 2723 curru
857 2681 1042 2734 religare
1076 2680 1208 2733 Regis
1242 2693 1329 2720 ora.

616 2753 847 2807 Pompeius
881 2751 1099 2806 popularis
1132 2751 1244 2791 inter
1277 2763 1425 2791 omnes

614 2826 804 2866 Ponatur
836 2824 985 2864 melior
1018 2822 1322 2874 decentiorque

616 2896 744 2937 Cuius
776 2908 846 2936 res
880 2900 1107 2947 penetrant
1142 2893 1372 2945 vigentque
1405 2899 1529 2945 geste
