1955 3278
144 571 190 604 55

143 925 189 959 60

143 1281 187 1314 65

143 1635 188 1670 70

144 1992 187 2026 75

143 2348 188 2382 80

144 2704 188 2738 85

1530 133 1598 167 299

292 276 567 328 Pannonicis,
602 277 818 329 cessitque
853 290 928 318 suo
963 276 1156 318 devictus
1189 276 1349 318 honori.

295 346 419 396 Quod
452 361 588 401 genus
620 347 879 389 horrendum
912 348 1030 389 vultu
1063 348 1147 389 ciet
1178 347 1305 388 altius
1338 348 1423 389 iras

294 418 492 472 Increpat
525 425 701 472 epastos
734 417 950 472 fugientes
984 418 1158 471 agmina
1190 418 1386 460 Parthos.

293 488 428 529 Albus
462 501 571 541 equo
604 488 791 542 trepidat
823 488 1062 529 minitantia
1096 488 1292 530 Sarmata
1323 490 1410 543 pila

294 560 348 600 Et
381 560 516 601 cultor
548 558 795 613 Rhodopes,
829 564 980 613 potant
1013 559 1084 612 qui
1115 559 1289 601 flumina
1320 560 1404 601 Nili

292 631 371 672 Vel
389 630 558 681 Cilices,
576 630 827 683 Arabesque
847 630 985 681 simul,
1004 643 1112 683 gens
1132 631 1315 671 barbara
1334 638 1375 671 et
1394 631 1529 672 omnis

293 701 419 743 Orbis
443 702 591 751 honos,
617 714 886 754 magnusque
909 701 1030 742 timet
1053 700 1332 742 Germanicus
1356 702 1495 753 heros,

291 773 610 824 Turcorumque
644 785 795 813 manus
828 772 986 813 totiens
1019 772 1177 812 infesta
1210 772 1458 826 propinquis

294 843 493 894 Sedibus,
528 849 570 885 et
602 844 760 885 totiens
794 843 977 897 depulsa
1010 843 1207 885 fidelibus
1240 844 1364 885 arvis.

294 914 542 968 Scipiadum
574 915 747 956 venitne
780 914 908 966 furor,
944 915 1014 967 qui
1046 915 1188 968 gentis
1221 915 1343 962 lbere

290 986 390 1029 Iura
412 986 506 1026 tulit
520 985 542 1026 ἶ)
577 985 801 1039 Sedesque
822 986 967 1038 nigras
990 985 1194 1027 damnare
1216 985 1459 1040 Syphacem

293 1056 559 1098 Concessum
581 1057 755 1110 pariter,
780 1057 1016 1110 niveosque
1041 1057 1278 1098 ascendere
1302 1070 1459 1098 currus.

291 1129 356 1169 An
389 1128 696 1169 Tarthesiacos
731 1128 892 1169 domuit
925 1129 996 1181 qui
1029 1128 1265 1183 promptius
1289 1128 1436 1169 hostes

288 1199 470 1252 Magnus
504 1199 582 1239 erit
616 1199 777 1240 croceis
811 1199 1029 1240 excellens
1061 1200 1197 1240 victor
1228 1199 1270 1240 in
1304 1200 1388 1240 oris

292 1260 427 1311 MaiOr
460 1269 574 1311 avis:
610 1269 750 1310 Lauro
785 1283 908 1311 sacra
939 1270 1136 1311 redimire
1169 1276 1389 1311 tonantem

292 1341 405 1395 Sepe
430 1340 595 1382 datum:
621 1347 662 1381 et
685 1341 855 1382 reducis
878 1341 1103 1395 strepitare
1126 1342 1169 1382 in
1188 1341 1370 1382 culmine
1395 1341 1525 1383 collis.

290 1412 566 1453 Vuladislaus
601 1412 726 1454 adest
759 1419 979 1454 atavorum
1012 1413 1132 1466 regia
1165 1413 1306 1466 proles

291 1484 327 1524 A
359 1489 481 1537 patre
515 1484 652 1537 regali
684 1484 869 1537 genitus,
904 1484 970 1525 cui
1004 1484 1159 1525 cedere
1193 1497 1347 1525 nomen

292 1554 525 1603 Cesareum
558 1555 707 1596 merito
741 1542 920 1609 poterit:
954 1561 1099 1596 manet
1130 1555 1211 1596 iste
1236 1555 1446 1609 superbus

291 1625 426 1667 Maior
446 1632 488 1667 et
510 1626 553 1666 in
572 1640 726 1680 regno:
754 1626 959 1679 liquidum
981 1639 1110 1679 super
1136 1627 1313 1667 aethera
1333 1634 1482 1668 vectus

289 1697 368 1738 Est
396 1697 573 1738 totiens:
609 1703 650 1738 et
679 1697 794 1738 mille
824 1697 918 1738 tulit
951 1697 1197 1738 discrimina
1230 1704 1384 1751 ponto:

290 1767 405 1809 Mille
440 1769 567 1809 etiam
602 1767 726 1809 Grais
758 1768 917 1810 fecisse
952 1769 1141 1822 pericula
1174 1769 1318 1809 Terris

290 1840 425 1880 Fama
446 1840 590 1891 refert,
625 1840 874 1893 Turcosque
896 1846 1039 1881 monet
1063 1839 1279 1881 domuisse
1303 1847 1501 1893 potentes

293 1911 543 1965 Spectatum
577 1910 742 1963 dextra,
775 1911 1031 1965 populisque
1065 1924 1251 1952 novasse
1274 1911 1459 1952 timores.

291 1982 362 2023 Nil
395 1989 605 2036 superest,
641 1983 677 2023 si
710 1982 844 2024 Cesar
876 1982 1015 2033 adest,
1048 1983 1235 2023 velocior
1267 1982 1376 2023 alter

293 2054 471 2095 Emonio
505 2054 645 2095 Borea
679 2067 890 2106 cursuque
925 2053 1118 2094 citatior:
1152 2053 1252 2094 inde

292 2125 406 2175 Quot
438 2126 588 2167 stravit
620 2131 757 2167 terras
792 2131 833 2166 et
865 2126 1049 2166 Turcum
1072 2125 1114 2165 in
1135 2125 1233 2177 lege
1256 2124 1459 2165 rebellem

290 2196 459 2238 Vertice
492 2197 629 2238 iurato
665 2196 820 2238 deiecit
853 2195 1060 2237 arundine
1092 2195 1267 2237 fulmen.

290 2268 500 2309 Perculsit
521 2265 566 2321 (1)
598 2268 710 2308 latos
745 2281 918 2321 campos
953 2274 993 2308 et
1026 2267 1162 2320 prelia
1194 2267 1333 2308 Rheni

291 2340 431 2392 Atque
465 2338 724 2380 Caledonios
757 2339 975 2379 animosus
1008 2344 1131 2391 terga
1163 2338 1320 2379 relatos

290 2409 474 2463 Expavit
507 2409 703 2451 dominus
739 2409 874 2450 Cattis
906 2408 1125 2461 Ducisque
1160 2409 1363 2460 subactis,

290 2481 550 2533 Vicinosque
585 2480 718 2532 sinus,
753 2487 794 2521 et
828 2491 928 2528 seve
964 2480 1148 2521 classica
1181 2492 1325 2534 pugne

290 2552 473 2593 Illustris
505 2552 655 2605 generi
688 2552 892 2593 contorsit
924 2550 1116 2604 promixa
1149 2564 1262 2593 caro,

293 2622 377 2664 Cur
407 2623 484 2664 tibi
515 2623 683 2664 Meonio
716 2622 899 2664 referam
932 2623 1017 2662 iam
1051 2622 1237 2663 carmine
1270 2622 1439 2663 fasces:

292 2694 556 2748 Pompeium,
579 2693 763 2744 Curium,
788 2694 965 2735 Fabium
984 2693 1271 2745 Quintumque
1292 2693 1529 2734 Metellum:

293 2764 628 2819 Septimiumque
647 2771 808 2806 trucem
830 2771 871 2805 et
890 2765 1144 2805 clamantem
1161 2770 1299 2805 rostra
1319 2763 1573 2805 Cathonem:

293 2835 602 2888 Aemiliumque
626 2835 817 2890 probum,
841 2834 1032 2886 Marium,
1055 2834 1301 2888 Syllamque
1326 2839 1563 2888 potentem:

291 2906 659 2960 Martigenamque
692 2914 809 2948 tuum
843 2906 946 2955 dure
981 2905 1253 2959 Carthaginis
1286 2905 1454 2947 hostem
