1955 3278
108 479 155 513 30

109 834 155 868 35

108 1189 155 1223 40

112 1546 158 1580 45

112 1901 159 1934 50

114 2257 159 2290 55

113 2610 159 2645 60

1506 113 1574 148 327

236 255 512 310 Occidueque
545 256 692 308 boves⁷
727 262 770 298 et
804 256 925 298 dives
958 257 1094 311 preda
1126 258 1295 312 tyranni

234 328 282 369 In
315 340 437 369 sacro
471 327 717 369 madefacta
749 327 860 378 lacu,
895 340 971 368 seu
1003 327 1188 370 Tibridis
1221 342 1360 372 amne.

236 398 419 440 Stabant
451 398 689 439 flammiferi
728 397 831 440 Caci
864 398 1125 440 monimenta
1158 400 1235 441 sub
1269 413 1381 453 arce,

234 470 403 511 Ducere
436 482 522 510 non
552 474 696 510 rectos
730 468 924 509 conantis
957 469 999 509 in
1033 476 1156 510 antra
1186 471 1404 524 iuvencos,

235 541 288 581 Et
320 552 456 594 penas
491 539 706 592 durasque
741 552 890 581 cruces
923 540 967 580 in
998 547 1132 582 morte
1165 542 1331 585 luentis.

235 611 344 652 Hinc
375 610 526 664 Erycis
562 610 706 652 Siculo
742 610 907 664 perfusi
938 611 1113 664 pulvere
1148 613 1277 654 cedes

234 681 487 735 Hospitibus
520 681 592 734 qui
623 681 716 722 iura
748 687 894 734 negat,
928 687 1117 723 mactare
1151 684 1318 725 solebat

234 751 403 793 Fraude
438 765 530 803 sua,
565 752 775 805 legesque
810 752 937 793 datas
969 752 1130 794 violare
1163 756 1351 796 tonantis

235 824 472 878 Apparent,
506 822 640 864 hortis
673 823 887 864 violenter
920 828 962 864 et
994 837 1126 865 aurea
1157 826 1270 866 mala

236 894 341 936 Cum
372 894 467 935 tulit
502 893 791 948 Hesperidum
825 893 986 935 domini
1017 895 1222 937 mandata
1254 898 1433 951 peregit.

236 965 437 1007 Centauri
471 965 666 1018 quatiunt
699 965 864 1006 animos
887 979 981 1006 cum
1001 965 1141 1008 fronte
1164 966 1435 1011 bimembros.

236 1036 404 1078 Sacrati
438 1035 657 1077 exundant
688 1036 828 1089 ignes,
863 1037 1131 1090 spoliumque
1163 1039 1352 1088 nefande

237 1107 456 1161 Coniugis,
491 1113 533 1148 et
565 1107 740 1160 fulgens
775 1108 1003 1149 cumulatis
1035 1108 1206 1152 flatibus
1239 1110 1389 1159 Aethe.

235 1179 345 1220 Hinc
378 1178 562 1233 abrupta
594 1178 719 1232 palus
754 1184 796 1219 et
830 1178 979 1232 pervia
1011 1179 1158 1221 limina
1189 1181 1362 1235 Tempe.

234 1250 393 1292 Remus
427 1256 472 1290 ut
504 1249 674 1303 Argous
706 1249 890 1291 lassavit
922 1249 1126 1292 bracchia
1157 1258 1287 1305 ponto

237 1321 446 1372 Cernitur,
481 1320 619 1361 aurati
651 1333 746 1362 cum
778 1321 908 1361 traxit
939 1321 1101 1362 vellera
1132 1322 1304 1376 Phryxi.

235 1393 363 1434 Parte
397 1393 482 1433 alia
514 1392 707 1442 Martem,
743 1405 866 1445 quem
903 1393 1055 1434 struxit
1088 1392 1222 1435 Cesar
1252 1395 1294 1435 in
1322 1395 1434 1437 orbe.

238 1464 383 1506 Victor
415 1470 457 1505 et
489 1464 637 1505 ultoris
669 1463 794 1505 iussit
827 1463 1007 1505 delubra
1039 1465 1182 1506 vocari

237 1535 388 1576 Iuncta
420 1534 511 1576 foro
544 1534 712 1588 triplici,
747 1534 870 1576 sedet
902 1534 1015 1576 unde
1049 1536 1211 1589 peritus
1243 1537 1408 1591 Apelle.

239 1607 366 1649 Urbis
390 1619 509 1648 amor
529 1606 725 1659 geminas
746 1619 948 1659 magnam
981 1606 1095 1648 subit
1115 1608 1261 1661 aspice
1283 1609 1458 1651 Romam

237 1677 358 1719 Flete
393 1677 522 1729 acies⁷
557 1690 701 1731 regem
735 1683 963 1718 veneratur
994 1677 1201 1725 Dardana
1232 1683 1369 1737 pubes

240 1749 433 1802 Romule,
466 1750 624 1793 fatales
659 1761 828 1808 spectat
861 1755 959 1797 dum
992 1756 1200 1798 maximus
1234 1768 1370 1797 arces.

239 1820 304 1861 Tu
326 1834 494 1874 quoque
528 1823 773 1867 Partheniis
797 1826 1069 1869 descendens
1091 1827 1285 1878 collibus,
1309 1826 1459 1867 aedem

241 1890 364 1933 Sorte
397 1893 641 1936 Palatinam
675 1897 843 1940 coluisti
876 1899 1042 1941 dulcius
1075 1898 1214 1940 heros.

239 1963 480 2017 Hospitium
514 1965 708 2020 profugis
743 1975 784 2010 et
817 1969 898 2011 diis
932 1970 1205 2012 memorabile
1238 1969 1372 2012 vectis

242 2032 351 2075 Olim
385 2035 456 2088 qui
487 2035 648 2090 fueras,
684 2038 956 2094 blandusque
988 2041 1218 2096 penatibus
1251 2041 1425 2095 hospes.

239 2105 452 2147 Auxilium
486 2108 588 2150 viris
622 2112 862 2154 errantibus
897 2126 1056 2166 equore
1088 2120 1225 2165 vasto,

238 2176 372 2229 Inque
404 2180 670 2232 procellosos
704 2184 906 2237 scopulos
940 2190 982 2226 et
1012 2184 1230 2238 inhospita
1261 2189 1409 2238 portus

239 2246 405 2289 Littora
439 2249 652 2306 Sicannij,
684 2254 927 2307 vetitosque
961 2255 1171 2309 attingere
1204 2255 1367 2296 fluctus.

241 2317 376 2360 Sacra
396 2320 502 2363 locis
534 2324 771 2377 epulasque
797 2326 948 2378 dabas,
977 2327 1234 2380 geniumque
1264 2325 1438 2368 colebas

239 2389 463 2434 Proximus
498 2393 692 2444 inmense
727 2394 753 2447 q
785 2397 947 2451 gaudet
982 2397 1204 2439 frondibus
1237 2409 1309 2445 are

239 2460 443 2515 Populeis
477 2464 682 2508 Evander
715 2481 827 2519 eras,
862 2468 1038 2521 sevique
1072 2468 1260 2510 canebas

241 2530 345 2573 Cum
376 2533 529 2577 laudes
557 2543 599 2578 et
621 2544 748 2591 gesta
784 2539 923 2580 choris
956 2539 1235 2592 meritumque
1259 2538 1456 2580 donantis

238 2602 452 2658 Tempora
486 2606 712 2650 devinctus
744 2610 904 2652 fluviali
937 2610 1126 2651 sanctius
1159 2610 1320 2651 umbra.

239 2672 350 2715 Dum
383 2675 493 2718 forte
528 2679 752 2732 exquirunt
785 2693 857 2729 are
891 2681 1076 2734 vestigia
1108 2692 1277 2735 magne,

237 2743 560 2801 Herculeosque
593 2750 707 2792 lares
742 2758 784 2793 et
817 2753 1002 2793 maxima
1036 2765 1160 2793 sacra
1193 2751 1418 2796 domantis.

241 2815 472 2872 Obstupuit
504 2820 665 2864 vidisse
698 2823 839 2865 locum
873 2829 1174 2877 prostrataque
1207 2823 1367 2877 templa

239 2890 386 2933 Turba
418 2893 566 2944 virum,
601 2895 777 2937 volvunt
809 2895 928 2936 mixti
960 2893 1058 2935 dum
1090 2894 1194 2935 talia
1226 2900 1381 2935 mente.
