1919 3273
1502 93 1573 127 393

157 246 176 278 5
232 235 321 277 Ista
354 234 634 288 triumphales
667 233 793 275 modo
826 248 939 276 nunc
969 235 1154 277 fuscavit
1186 236 1371 278 honores

293 306 440 357 Fama,
476 305 577 358 quid
611 305 776 359 optanti
809 305 957 346 laurea
988 306 1100 347 ferre
1133 313 1287 361 potest.

231 376 373 418 Nosse
407 376 515 417 Gete
551 382 770 430 cuperent,
805 383 1013 430 cuperent
1035 383 1076 418 te
1099 390 1278 419 noscere
1307 378 1454 429 Perse,

292 447 529 488 Memnonis
563 453 605 488 et
637 452 805 500 gentes,
841 447 1113 500 Armeniique
1146 448 1260 501 vagi.

232 517 430 558 Forsitan
465 517 651 565 Ausonio
684 522 882 570 peterent
913 522 955 558 te
988 531 1118 559 nosse
1153 518 1366 570 cohortes,

131 597 174 631 10
291 587 395 628 Cum
429 587 580 629 Rheno
614 594 656 629 et
688 587 836 628 Thiles
869 587 1013 628 littora
1046 588 1168 642 nigra
1200 589 1358 640 volent,

230 659 429 700 Insontes
453 664 690 700 monstrent
714 658 955 712 pharetras,
980 659 1252 712 Parthusque
1275 660 1451 701 remittit

290 731 459 782 Arcum,
493 730 734 784 permulcet
769 736 1009 784 sponteque
1042 731 1180 772 victus
1214 744 1360 783 equos.

229 801 310 842 Eia
342 815 424 855 age
457 801 689 842 Romuleos
722 814 798 842 rex
831 801 1043 843 exultabis
1076 801 1119 842 in
1153 808 1287 854 actus,

292 871 535 913 Ostendunt
566 872 702 925 leges,
737 885 940 924 armaque
973 872 1087 913 iusta
1119 879 1232 925 tege.

130 953 172 986 15
230 943 295 984 Tu
327 956 480 997 pacem
512 935 662 984 tribuis
695 943 832 989 terris,
867 948 909 984 et
941 943 1028 984 tela
1060 943 1265 985 Bohemis

290 1014 356 1054 Tu
388 1014 630 1055 libertatem
663 1015 854 1068 protegis
888 1027 992 1055 ense
1028 1027 1161 1056 suam.

238 1084 282 1126 Si
312 1085 556 1126 libertatem
591 1084 790 1126 defendis
826 1085 1052 1139 splendide
1086 1086 1300 1140 princeps,

290 1155 401 1206 Quid
432 1155 509 1197 tibi
540 1156 758 1209 persolvet
790 1163 903 1197 terra
937 1157 1141 1210 opulenta
1174 1157 1293 1199 satis.

230 1226 493 1280 Magnanimi
525 1232 566 1267 te
599 1233 725 1280 gesta
756 1234 930 1268 movent
961 1227 1146 1281 repetita
1178 1228 1370 1282 parentis

128 1307 173 1341 20
288 1298 380 1339 Hoc
412 1303 527 1352 puto,
560 1310 655 1338 cum
688 1311 868 1352 superas
901 1298 1062 1352 inclyta
1094 1298 1213 1340 facta
1244 1299 1392 1353 patris.

82 1567 155 1609 Ad
175 1568 355 1610 eumdem
381 1568 526 1610 (szvum
553 1568 851 1610 anada‘slaum
872 1568 1133 1624 Hunyariae
1155 1574 1192 1611 et
1211 1568 1411 1620 Bohemz'e
1434 1584 1572 1624 reyem

81 1644 354 1687 excellentiss.
373 1645 645 1700 epigramma,
667 1660 747 1698 quo
758 1650 886 1699 poeta
899 1646 1106 1699 hortatur,
1127 1651 1175 1688 ut
1197 1646 1369 1688 divitias
1387 1646 1577 1702 rzeyliyat

320 1726 358 1763 et
376 1723 465 1764 sola
486 1722 725 1764 litterarum
747 1727 1023 1765 monumenta
1046 1728 1338 1776 consequatur.

238 1865 350 1915 Quid
382 1866 459 1908 tibi
493 1866 655 1918 divitie,
691 1866 791 1920 quid
826 1880 1001 1908 avarum
1034 1866 1225 1921 proderit
1251 1866 1435 1908 aurum‘?

294 1936 507 1990 Quicquid
543 1944 585 1978 et
619 1950 671 1978 ex
704 1937 817 1979 arvis
851 1937 1039 1992 pallidus
1072 1944 1191 1979 astur
1222 1938 1367 1979 habet.

233 2007 311 2049 Vel
344 2008 458 2061 quod
490 2009 746 2050 Memnoniis
778 2008 911 2050 Indus
945 2014 1160 2050 scrutatur
1191 2009 1233 2049 in
1267 2009 1393 2063 algis,

292 2079 504 2132 Undaque
540 2079 716 2121 Callaici
749 2080 810 2121 sic
843 2080 1046 2134 opulenta
1078 2079 1190 2121 vadi.

156 2162 175 2195 5
233 2150 371 2192 Unica
404 2150 518 2203 quod
550 2150 735 2192 volucris
769 2150 880 2191 nidis
912 2156 1121 2192 renovata
1152 2151 1333 2204 reponit,

295 2222 379 2263 Aut
413 2221 514 2275 quid
548 2221 736 2263 odoratis
770 2221 873 2262 arsit
906 2221 950 2262 id
983 2227 1082 2262 ante
1115 2221 1243 2274 rogis.

233 2293 346 2343 Quid
388 2292 531 2347 toga?
584 2292 695 2342 Quid
735 2291 917 2333 tunice?
967 2292 1068 2345 quid
1112 2291 1282 2346 pallia?
1340 2290 1519 2333 serica?

1334 2362 1518 2405 vestes?

293 2438 427 2478 Eruta
461 2436 561 2490 quid
596 2435 772 2490 prodest
805 2433 1097 2489 gemmaque?
1131 2435 1246 2476 culta
1279 2435 1426 2488 Tyros.

231 2507 325 2549 Hec
356 2507 474 2559 nihil,
510 2507 695 2549 asseruit
728 2506 885 2547 totiens
919 2519 1031 2546 mors
1064 2505 1271 2559 improba,
1306 2505 1411 2548 dixit

133 2587 177 2621 10
292 2578 340 2619 In
376 2579 543 2620 cineres
575 2585 694 2620 verto
730 2591 811 2630 que
844 2577 1042 2631 preciosa
1073 2582 1260 2618 manent.

234 2648 463 2703 Imperium
497 2662 720 2690 commune
755 2648 873 2690 dedit
905 2647 1007 2688 mihi
1038 2647 1229 2701 Iuppiter
1261 2647 1347 2699 uni,

292 2720 523 2774 Temperet
555 2725 601 2760 ut
632 2720 756 2761 nobis
791 2719 903 2772 quod
936 2732 1065 2770 mare,
1099 2725 1212 2759 terra
1244 2719 1368 2772 parit.

235 2791 328 2833 Hoc
349 2791 452 2832 mihi
475 2791 599 2832 deest
621 2804 749 2831 unum
773 2803 941 2843 nequeo
965 2789 1077 2842 quod
1102 2789 1292 2831 carmina
1313 2789 1468 2830 Vatum

295 2862 523 2916 Rumpere,
559 2862 637 2903 sed
671 2862 825 2903 durant
856 2875 923 2903 me
956 2860 1212 2915 prohibente
1245 2866 1400 2902 tamen.
