1955 3278
370 121 441 155 210

369 272 467 316 tem7
485 264 610 309 vires,
636 263 717 305 hoc
736 269 801 304 est
821 263 1018 305 fortunae
1042 270 1082 305 et
1107 264 1294 317 corporis
1315 264 1441 312 bona,
1466 277 1604 317 neque
1627 270 1684 309 tu,
1705 270 1851 318 utpote

369 336 483 377 fluxa
516 342 557 376 et
591 333 768 377 caduca.
804 335 945 387 magni
987 334 1107 386 facis,
1143 348 1280 387 neque
1326 334 1435 375 111101·
1467 335 1697 376 Ρ1·30311103
1736 335 1852 376 301113

369 405 579 461 possides.
628 405 721 445 Non
767 405 862 445 aliis
908 418 1033 457 quam
1066 406 1149 446 tuis
1184 412 1224 446 te
1258 406 1430 459 pingam
1476 406 1703 447 coloribus.
1749 405 1853 446 nihil

369 478 450 518 nisi
482 483 611 527 tuum,
659 476 740 517 nisi
773 476 1018 529 genuinum,
1064 477 1144 518 nisi
1178 477 1392 530 proprium
1426 476 1626 527 laudabo,
1673 477 1766 529 1100Ι
1788 482 1852 518 031

369 549 484 589 30133
529 547 664 601 ipsius
710 547 838 587 animi
872 546 994 588 dotes
1041 561 1150 600 quae
1184 549 1224 588 in
1259 548 1429 588 homine
1470 555 1567 588 sunt
1599 547 1852 602 principalia

367 618 722 661 commemorabo.
778 618 905 671 Atqui
955 632 1007 659 ex
1056 625 1253 660 conserto
1300 619 1607 673 episcopalium
1653 618 1851 659 virtutum

367 690 497 731 choro
543 703 624 742 quo
670 689 857 742 undique
903 697 1051 743 septus
1098 698 1138 730 et
1184 691 1367 743 stipatus
1404 689 1581 736 incedis,
1628 689 1777 742 religio
1811 698 1852 730 et

368 761 575 812 doctrina,
622 761 737 802 velut
785 760 858 802 Sol
892 768 933 802 et
966 761 1088 801 Luna
1121 761 1232 801 111101
1270 761 1618 815 splendidissima
1650 761 1724 802 illa
1757 773 1851 802 coe·

365 832 487 873 lestis
532 832 720 885 regionis
765 839 1016 872 ornamenta
1059 831 1252 872 relucent
1285 840 1412 885 atque
1451 832 1740 886 resplendent.
1787 831 1851 872 Ita

366 916 549 956 namque
598 903 859 956 amplissime
908 903 1103 955 religioni
1155 909 1254 943 tuae
1302 904 1562 945 luculentam
1616 903 1849 944 doc-trinam

365 974 635 1023 coniunxisti,
684 975 743 1014 ita
786 975 1004 1015 lucernam
1050 987 1278 1015 accensam
1324 988 1408 1016 non
1455 974 1533 1015 sub
1572 974 1727 1018 modio.
1775 974 1851 1015 sed

365 1059 495 1099 super
539 1045 845 1086 candelabrum
890 1045 944 1086 ab
988 1046 1084 1099 ipsa
1129 1045 1307 1087 edoctus
1354 1045 1533 1087 veritate
1578 1045 1773 1098 posuisti,
1806 1053 1851 1085 ut

366 1130 489 1158 nemo
523 1117 576 1157 311
611 1117 680 1169 qui
713 1129 797 1157 non
830 1117 967 1158 lucem
996 1116 1196 1158 docrinae
1220 1123 1318 1157 tuae
1342 1116 1500 1167 videat,
1535 1116 1606 1169 qui
1638 1129 1723 1158 non
1755 1116 1850 1157 reli·

365 1188 505 1241 gionis
539 1188 696 1228 lumine
742 1194 783 1229 10
818 1194 951 1229 totum
984 1188 1183 1238 lucidum,
1229 1194 1362 1228 totum
1395 1187 1688 1237 illuminatum,
1735 1187 1851 1228 nulla

365 1272 539 1312 prorsus
573 1272 626 1299 ex
658 1265 780 1312 parte
825 1259 1141 1300 tenebricosum
1178 1259 1427 1313 conspiciat.
1476 1259 1747 1312 Pythagoras
1780 1258 1851 1310 qui

367 1330 448 1370 sibi
480 1330 640 1383 primus
672 1324 919 1383 ¹philosophi
950 1343 1102 1370 nomen
1138 1336 1179 1370 01
1203 1330 1441 1384 sapientiae
1471 1330 1612 1383 potius
1634 1329 1850 1377 amatoris,

366 1414 491 1453 quam
517 1401 724 1454 sapientis
745 1401 980 1454 usurpavit,
1002 1401 1112 1442 inter
1134 1401 1313 1454 plurima
1347 1415 1456 1454 quae
1490 1401 1675 1441 humano
1702 1401 1851 1454 generi

367 1472 647 1513 saluberrima
681 1473 939 1513 documenta
970 1473 1190 1526 praecepit
1226 1485 1316 1513 cum
1352 1473 1496 1526 primis
1521 1479 1676 1518 monet,
1712 1472 1850 1513 Deum

364 1543 573 1596 religione
607 1542 834 1584 colendum
868 1556 979 1592 esse,
1014 1544 1200 1584 animum
1231 1543 1468 1597 disciplinis
1501 1543 1749 1584 ornandum.
1785 1543 1850 1584 Tu

364 1614 543 1668 perinde
589 1628 639 1655 ac
672 1614 948 1668 Pythagorici
993 1615 1206 1668 dogmatis
1252 1615 1655 1657 observantissimus
1701 1615 1848 1665 cultor,

364 1685 475 1727 adeo
508 1686 714 1739 religione
748 1687 990 1740 praecellis,
1024 1686 1132 1727 adeo
1167 1687 1359 1728 doctrina
1392 1687 1649 1741 praepolles,
1680 1693 1724 1727 ut
1746 1685 1851 1727 nulli

364 1757 610 1798 Antistitum
647 1758 976 1799 clarissimorum
1018 1759 1076 1799 sis
1111 1758 1340 1808 secundus,
1386 1759 1566 1811 agisque
1601 1758 1848 1812 episcopum

364 1841 417 1868 ex
449 1829 564 1869 omni
596 1842 769 1882 prorsus
802 1836 923 1883 parte
958 1830 1331 1870 absolutissimum.
1372 1829 1458 1871 Vas
1492 1829 1714 1870 electionis
1747 1841 1848 1883 apo-

365 1900 499 1940 stolus
544 1900 704 1941 Paulus
749 1900 791 1941 in
826 1900 1029 1954 episcopo
1074 1901 1390 1955 perfectissimo
1437 1900 1655 1942 desiderat
1688 1900 1846 1942 sobrie-

363 1976 516 2021 tatem,
563 1970 854 2025 prudentiam,
909 1971 1253 2023 sanctitudinem,
1308 1985 1542 2025 sanamque
1596 1971 1845 2022 doctrinam,

364 2055 475 2094 quae
515 2042 656 2082 omnia
688 2042 731 2083 in
764 2048 805 2083 te
838 2056 921 2083 uno
955 2043 1117 2084 affatim
1151 2043 1363 2084 cumulate
1403 2043 1734 2097 conspiciuntur.
1782 2043 1847 2083 Tu

363 2113 542 2163 sobrius,
577 2120 621 2154 tu
650 2113 853 2167 prudens,
886 2119 931 2154 tu
960 2114 1147 2155 moribus
1177 2114 1386 2155 defecatis
1422 2120 1610 2163 ornatus,
1644 2120 1689 2154 tu
1719 2113 1846 2155 casti-

362 2190 450 2225 tate
474 2184 588 2225 vitae
612 2185 907 2225 sanctissimus
928 2184 1339 2238 frugalissimusque.
1375 2184 1579 2226 Doctrina
1602 2198 1702 2226 vero
1726 2190 1846 2225 tanta

363 2255 636 2308 peculiariter
653 2256 844 2303 excellis,
870 2263 912 2296 ut
933 2270 1017 2297 non
1040 2257 1177 2297 minus
1201 2257 1259 2297 sis
1279 2255 1516 2297 eruditione
1535 2269 1661 2309 quam
1680 2256 1844 2310 episco-

362 2332 464 2380 patu
485 2334 756 2368 memoratus.
782 2327 874 2377 Quo
897 2327 956 2375 fit,
976 2335 1020 2368 ut
1039 2327 1235 2368 omnibus
1254 2327 1343 2368 fere
1364 2327 1568 2369 conviviis
1586 2327 1670 2368 tuis
1694 2326 1843 2368 doctos

361 2396 571 2438 adhibeas
610 2398 888 2451 literatosque
934 2399 1103 2452 diligas,
1149 2411 1199 2439 ac
1242 2398 1499 2439 liberalitate
1541 2406 1615 2439 tua
1647 2397 1843 2439 foveas.l

361 2468 481 2517 Quae
514 2482 614 2510 vero
648 2469 702 2509 ad
736 2475 851 2510 tuum
876 2469 1160 2511 sacerdotium
1189 2475 1387 2523 spectant
1420 2469 1563 2511 divina
1595 2469 1842 2515 ministeria,

361 2552 413 2580 ea
457 2546 542 2580 tam
583 2540 822 2594 diligenter,
867 2548 952 2582 tam
986 2547 1135 2582 sancte
1168 2549 1253 2581 tam
1291 2541 1524 2581 solenniter
1559 2540 1841 2589 celebrantur,

359 2616 405 2650 ut
437 2611 579 2652 omnia
610 2612 651 2651 in
684 2612 751 2652 his
784 2612 965 2652 maxime
1000 2618 1134 2663 casta,
1181 2612 1388 2659 solennia,
1430 2611 1634 2665 religiosa
1667 2611 1763 2661 sint,
1797 2618 1841 2652 ut

360 2682 609 2724 sacerdotes
643 2683 727 2734 alii,
774 2696 826 2723 ex
858 2681 1094 2724 institutis2
1138 2682 1221 2723 tuis
1254 2683 1473 2735 religionis
1518 2681 1726 2723 colendae
1758 2682 1841 2723 for-

360 2754 513 2794 mulam
546 2754 774 2795 intuentur.
822 2754 1036 2804 Quantum
1074 2767 1174 2796 vero
1206 2752 1324 2803 illud,
1365 2766 1447 2806 quo
1479 2753 1722 2807 praeconio,
1757 2766 1840 2806 qua

479 2905 488 2923 ¹
516 2904 631 2939 foves
685 2904 698 2922 ²
724 2905 894 2939 instituis.
