1955 3278
357 95 427 131 278

349 238 586 294 composuit
603 238 746 280 libros.
772 238 1011 292 Trigesimo
1031 240 1122 281 eius
1140 239 1247 281 libro
1271 240 1351 281 hac
1371 240 1475 281 hora
1493 237 1590 289 (deo
1611 240 1844 296 aspirante)

351 317 582 352 extremam
622 310 806 363 imposui
846 324 1029 352 manum.
1075 310 1140 352 Ita
1174 310 1367 364 profecto
1400 311 1517 353 iubet
1563 311 1670 353 deus
1713 313 1846 354 omni-

351 388 504 436 potens
534 381 616 423 hac
646 394 723 422 nos
748 381 892 424 divina
921 381 1190 436 providentia
1219 381 1349 433 ducit,
1372 382 1452 425 hac
1477 396 1580 435 ergo
1604 396 1844 436 sequamur.

379 568 606 604 Ioannes¹
636 567 903 603 Pannonius
929 567 1139 603 Marsilio
1167 568 1331 604 Ficino
1358 567 1599 605 Platonico
1628 568 1667 605 S.
1694 568 1740 605 P.
1767 569 1818 605 D.

465 677 572 732 Lessi
595 678 748 720 Emtae
777 677 825 720 in
852 678 1026 731 epistola
1049 679 1105 719 ad
1132 678 1403 729 Bandinmn,
1440 679 1540 720 item
1562 679 1604 720 in
1627 680 1844 735 prooemio

349 756 420 791 tuo
439 763 569 804 super
587 750 812 791 Platonem
837 757 879 792 et
901 750 972 791 in2'
995 751 1212 804 prooemio
1235 750 1480 804 theologiae
1499 757 1613 801 tuae,
1641 757 1845 804 quantum

352 827 520 862 astruas
564 821 877 875 providentiae,
924 821 1037 874 quod
1084 821 1238 873 aliquis
1285 835 1382 863 esse
1415 821 1494 862 fati
1543 822 1844 876 suspicabitur.

351 893 491 934 Primo
538 906 621 934 non
668 892 793 934 video
840 892 1051 945 equidem,
1098 891 1153 933 ad
1199 892 1299 945 quid
1345 893 1503 934 serviat
1551 892 1846 947 providentiae

348 964 570 1005 renovatio
604 964 886 1016 antiquorum.
929 963 1101 1005 Deinde
1136 976 1221 1004 non
1256 970 1321 1004 est
1355 963 1599 1005 Christiana
1632 964 1705 1005 illa
1739 964 1845 1005 anti-

352 1034 558 1088 quorum³
593 1035 845 1089 Theologia.
881 1035 1115 1076 Praeterea
1137 1034 1322 1085 memini,
1358 1048 1453 1076 cum
1481 1035 1579 1076 olim
1608 1035 1651 1076 in
1680 1035 1846 1076 Italiam

353 1106 572 1161 profectus
605 1107 772 1148 Latinis
805 1107 941 1147 literis
976 1112 1017 1147 et
1052 1105 1231 1148 Graecis
1265 1105 1456 1147 erudirer
1489 1106 1748 1157 Florentiae,
1779 1120 1845 1148 me

352 1192 376 1218 a
400 1178 568 1219 duobus
590 1178 810 1219 vestrum4
844 1177 1074 1231 astrologis
1108 1176 1342 1228 audivisse,
1376 1182 1418 1218 te
1443 1191 1496 1218 ex
1526 1177 1713 1230 quadam
1735 1177 1844 1219 side—

349 1263 439 1290 rum
457 1250 671 1303 positione
690 1249 891 1302 antiquas
906 1255 1209 1290 renovaturum
1224 1248 1578 1302 philosophorum
1596 1249 1844 1294 sententias.

351 1320 662 1373 Quamquidem
696 1320 953 1374 positionem
988 1320 1175 1361 siderum
1210 1320 1291 1360 etsi
1324 1319 1576 1371 audiverim,
1610 1333 1696 1361 non
1734 1320 1846 1361 satis

350 1392 507 1435 recolo.
543 1391 621 1432 sed
654 1397 695 1432 te
730 1391 912 1432 arbitror
934 1391 1194 1432 meminisse
1229 1391 1356 1431 immo
1382 1397 1424 1431 et
1446 1404 1523 1444 per
1545 1397 1587 1432 te
1611 1391 1842 1432 invenisse.

351 1462 633 1504 Adduxerunt
664 1462 765 1503 item
798 1462 859 1503 illi
892 1462 1098 1516 astrologi
1131 1462 1186 1504 ad
1217 1475 1338 1503 suum
1367 1461 1569 1503 iudicium
1591 1461 1843 1503 confirman-

351 1534 463 1585 dum,
499 1533 612 1587 quod
634 1533 757 1574 fatali
779 1533 962 1586 quodam
985 1541 1178 1587 tempore
1211 1533 1432 1586 antiquum
1460 1533 1665 1586 cytharae
1695 1546 1844 1575 sonum

350 1611 392 1646 et
425 1612 594 1647 cantum
630 1611 671 1646 et
705 1606 895 1646 carmina
941 1604 1129 1658 Orphica
1162 1604 1365 1646 oblivioni
1410 1605 1528 1659 prius
1569 1604 1726 1646 tradita
1758 1605 1844 1646 luci

349 1676 626 1718 restituisses.
668 1676 765 1717 Mox
799 1683 840 1717 et
873 1676 1126 1718 Mercurium
1160 1676 1466 1729 trismegistum
1501 1676 1844 1729 antiquissimum

350 1747 575 1790 traduxisti
621 1754 662 1789 et
706 1748 997 1801 Pythagorica
1029 1748 1185 1799 multa;
1236 1748 1337 1788 item
1371 1747 1558 1788 carmina
1603 1747 1844 1789 Zoroastris

351 1819 637 1873 explanavisti
682 1825 723 1860 et
768 1823 996 1871 antequam
1021 1817 1036 1841 5
1081 1818 1308 1860 Florentia
1355 1818 1436 1859 huc
1479 1817 1661 1860 redirem
1709 1824 1842 1860 trans-

350 1890 528 1932 ferendo
562 1890 730 1931 Platoni
764 1904 935 1931 manum
970 1890 1197 1942 inieceras,
1231 1890 1385 1932 iisdem
1426 1888 1489 1943 (ut
1523 1889 1722 1943 equidem
1755 1902 1845 1931 sus-

350 1960 484 2016 picor)
531 1961 827 2003 astronomicis
873 1962 1089 2016 auspiciis.
1143 1961 1267 2011 Quod
1301 1967 1445 2002 autem
1489 1960 1600 2002 haec
1640 1973 1725 2002 non
1758 1967 1844 2006 tam

350 2033 633 2087 providentia,
681 2046 807 2085 quam
852 2033 942 2074 fato
989 2032 1173 2085 quodam
1219 2032 1323 2073 fiant
1364 2032 1442 2073 abs
1475 2038 1531 2083 te,
1577 2031 1683 2072 illud
1715 2032 1844 2072 etiam

351 2111 603 2158 argumento
638 2112 714 2155 est,
764 2104 877 2157 quod
911 2110 1010 2146 ante
1044 2104 1153 2145 haec
1187 2104 1328 2145 omnia
1363 2103 1583 2156 antiquum
1629 2101 1843 2156 quendam

352 2176 654 2230 philosophum
689 2176 778 2218 sive
812 2181 999 2230 poetam,
1046 2181 1194 2230 utpote
1228 2174 1370 2216 adhuc
1404 2174 1662 2215 adolescens
1694 2174 1845 2215 leviter

350 2248 616 2301 propagasti,
651 2261 777 2300 quem
811 2247 967 2289 deinde
1001 2247 1164 2288 meliori
1195 2247 1331 2288 fretus
1353 2246 1531 2287 consilio
1562 2244 1843 2299 suppressisti

351 2325 392 2360 et
438 2322 498 2366 (ut
537 2317 680 2372 audio)
727 2333 803 2373 pro
849 2319 1010 2361 viribus
1055 2316 1320 2367 extinxisti,6
1366 2330 1506 2369 neque
1550 2315 1690 2357 fuerat
1734 2315 1841 2357 illud

351 2389 523 2432 divinae
568 2390 865 2444 providentiae
911 2403 1078 2441 munus,
1125 2389 1238 2442 quod
1271 2389 1364 2443 ipse
1411 2394 1553 2429 aetate
1593 2386 1843 2441 prudentior

351 2461 492 2503 factus
526 2462 674 2502 merito
708 2461 906 2502 iudicasti
940 2460 1242 2502 damnandum.
1275 2459 1485 2512 Equidem
1515 2465 1557 2500 te
1590 2458 1726 2500 amice
1755 2470 1842 2499 mo-

351 2546 445 2584 neo,
470 2546 643 2584 caveaS,
662 2546 715 2573 ne
738 2532 848 2574 forte
873 2532 1099 2574 curiositas
1118 2531 1330 2584 quaedam
1354 2530 1407 2571 sit
1430 2529 1597 2571 isthaec
1619 2528 1841 2570 renovatio

351 2604 634 2657 antiquorum,
668 2604 812 2658 potius
846 2617 971 2657 quam
1006 2603 1169 2656 religio.

471 2768 480 2787 ¹
508 2768 689 2803 Iohannes
717 2769 759 2802 F.
802 2768 814 2787 ²
840 2768 878 2802 in
896 2767 1069 2811 hianyzik
1092 2767 1227 2801 H-ban.
1269 2767 1280 2785 3
1307 2765 1450 2799 Deinde
1467 2775 1539 2798 non
1556 2767 1608 2798 est
1629 2763 1842 2797 Christiana

351 2828 419 2862 illa
456 2827 690 2870 antiquorum
730 2828 902 2872 hianyzik
941 2827 1080 2860 H-ban.
1132 2828 1143 2846 4
1172 2829 1374 2860 vestrorum
1401 2824 1450 2859 H.
1495 2825 1507 2843 5
1533 2828 1570 2858 et
1596 2827 1769 2867 tanquam
1802 2821 1840 2855 F.

354 2888 366 2906 ὅ
393 2887 573 2922 extinsisti
601 2886 655 2926 F„
684 2887 870 2921 extraxisti
898 2886 946 2919 H.
