1919 3273
1495 151 1563 186 387

155 305 174 337 5
231 295 371 346 Astra,
406 294 488 346 dei,
522 294 692 348 populis
727 300 768 335 et
800 307 875 336 vos
909 308 1161 348 quecunque
1194 296 1348 337 valetis

290 365 427 406 Fulva
459 364 575 416 dare,
610 364 796 406 officium
829 365 1033 419 principis
1066 366 1181 407 istud
1214 367 1304 408 erit.

232 436 454 477 Poscimus
487 436 569 477 hoc
600 449 729 477 unum
762 443 906 477 nostro
941 450 1016 490 pro
1049 438 1241 491 principe
1274 438 1409 489 vobis,

292 507 415 547 Alitis
447 513 492 547 ut
523 507 676 560 longos
708 506 886 561 impleat
917 507 1012 561 ipse
1046 508 1151 549 dies.

234 577 386 618 Vincat
418 584 460 618 et
493 577 706 618 Euboicos
740 590 910 632 semper
942 578 1135 620 foelicior
1167 592 1314 620 annos.

135 659 178 692 10
293 648 506 689 Transeat
538 654 580 689 et
611 648 764 689 Pinum
796 649 966 690 faustus
999 649 1191 702 adusque
1226 663 1385 691 senem.

233 719 303 760 Nil
324 719 439 760 aliud
461 719 670 770 volumus,
693 719 816 761 terris
840 719 1138 773 quodcumque
1162 734 1342 762 necesse
1367 727 1433 763 est

293 790 550 841 Altitonans,
584 790 784 844 princeps
818 791 1100 832 contribuisse
1134 798 1288 845 potest.

162 979 231 1021 Ad
262 980 442 1021 eundem
476 979 619 1020 divum
661 979 959 1021 Vuladz'slaum
991 994 1128 1034 ‘reyem
1159 980 1285 1033 pium
1316 980 1500 1033 foelicem

91 1049 364 1106 epiyramma,
400 1064 480 1103 quo
514 1055 785 1103 eomparatur
816 1050 970 1103 aquile,
1006 1055 1043 1092 et
1073 1050 1195 1103 leoni,
1231 1051 1305 1104 qui
1335 1051 1384 1094 in
1414 1051 1572 1094 nobiles

597 1120 685 1162 m'sz'
713 1135 857 1176 yregaeS
891 1121 1071 1163 seviunt.

239 1217 355 1258 Inter
387 1217 525 1270 qualis
558 1230 661 1258 aves
694 1217 912 1258 volucrum
945 1218 1112 1271 Regina
1144 1224 1328 1270 veretur,

299 1288 581 1341 Fulminaque
614 1290 781 1342 superis
815 1296 917 1342 apta
949 1289 1144 1330 ministra
1176 1289 1279 1342 geri.

240 1359 309 1400 Ira
339 1360 601 1400 reluctantes
635 1360 774 1412 aquile
808 1360 890 1401 nisi
923 1373 1026 1401 seva
1059 1359 1268 1401 dracones

300 1430 498 1480 Perfurit‚
533 1437 574 1471 et
606 1431 713 1472 viles
746 1431 929 1484 impetus
963 1430 1050 1471 odit
1083 1443 1200 1472 oves

167 1514 186 1546 5
245 1501 578 1555 Quadrupedum
610 1502 726 1550 fulve
760 1502 898 1554 qualis
930 1515 1004 1542 rex
1031 1502 1176 1543 matris
1210 1502 1436 1556 ademptus

304 1573 445 1615 Ubere
480 1573 719 1626 degeneres
752 1572 902 1626 effugit
935 1586 1007 1614 ore
1042 1586 1211 1626 greges.

247 1644 318 1686 Sic
350 1652 395 1686 tu
427 1644 634 1698 belligere
666 1658 741 1685 rex
771 1644 1048 1685 invictissime
1082 1644 1237 1697 gentis,

303 1715 399 1757 Non
432 1715 540 1756 facis
572 1715 754 1756 inbelles
787 1714 908 1756 fortis
942 1714 996 1755 ad
1030 1728 1146 1754 arma
1179 1714 1301 1756 viros.

245 1787 340 1828 Non
372 1787 454 1828 nisi
486 1786 687 1827 nobilitas
721 1786 858 1827 claros
891 1785 1089 1826 habitura
1120 1785 1356 1839 triumphos

149 1868 191 1902 10
308 1857 426 1899 Sevit
459 1863 501 1898 et
532 1858 574 1898 in
607 1863 825 1911 promptos
859 1870 941 1897 11011
975 1856 1057 1897 nisi
1089 1862 1231 1897 castra
1264 1856 1408 1898 duces.

102 2047 172 2088 Ad
188 2047 368 2089 eundem
383 2047 527 2088 clivum
544 2046 840 2088 Vuladiszamn
854 2061 989 2101 resscm
1001 2045 1270 2099 prestantiss.
1285 2045 1585 2098 Ziberaliss.que

445 2118 494 2160 de
516 2132 690 2159 snorum
713 2116 921 2158 maiorum
945 2115 1241 2158 smilttmlme.

691 2199 793 2241 (zeid
819 2198 996 2239 tmtaval.)

253 2285 390 2335 Quam
423 2292 495 2326 tua
527 2285 756 2339 persimilis
790 2291 1007 2337 spectatur
1039 2296 1194 2336 ymago
1229 2282 1401 2336 superbi

312 2356 536 2410 Principis,
572 2369 595 2397 o
629 2357 830 2409 princeps
864 2356 943 2396 hec
978 2354 1054 2395 tibi
1085 2360 1220 2395 restat
1252 2354 1334 2395 avi.

253 2427 336 2468 Per
368 2435 410 2468 te
443 2428 558 2469 vivet
591 2441 710 2478 avus,
744 2427 892 2468 merito
926 2433 970 2466 tu
1004 2425 1166 2478 grande
1200 2424 1374 2466 mereris

312 2498 478 2540 Nomen
512 2498 580 2540 avi
611 2498 687 2539 tibi
721 2498 843 2539 deest
875 2497 933 2537 nil
966 2497 1047 2537 nisi
1080 2509 1235 2537 nomen
1267 2495 1345 2537 avi.

179 2580 198 2612 5
253 2569 408 2620 Mores⁷
442 2569 571 2621 fama,
605 2569 751 2619 decus,
787 2582 905 2609 mens
939 2574 980 2608 et
1012 2567 1231 2620 presentia
1262 2566 1396 2619 larga,

314 2641 452 2694 Regia
477 2640 609 2692 frons,
643 2641 822 2690 animus,
856 2652 933 2693 par
954 2651 1120 2690 quoque
1145 2649 1298 2690 corpus
1321 2637 1446 2677 inest.

257 2711 437 2765 Templa
469 2716 618 2752 tenent
650 2724 796 2752 currus
828 2716 1039 2751 testantes
1073 2708 1200 2749 fortia
1231 2707 1375 2760 Regis,

316 2782 450 2824 Facta
482 2782 617 2823 nitent
650 2781 811 2836 spoliis,
846 2794 956 2821 nunc
990 2787 1031 2820 et
1064 2785 1218 2820 onusta
1251 2778 1349 2819 suis.

258 2854 424 2895 Aureus
458 2859 500 2894 et
532 2866 700 2895 sacrum
733 2852 997 2894 demonstrat
1031 2863 1178 2891 currus
1210 2849 1428 2899 honorem,

162 2934 203 2967 10
317 2924 393 2965 Ille
426 2924 554 2965 micat
586 2923 778 2977 gemmis⁷
812 2930 941 2975 tuque
975 2921 1156 2963 decorus
1190 2919 1324 2973 equis.

1380 3000 1448 3032 25*
