1955 3278
351 103 420 136 292

351 247 441 287 Nos
475 245 749 287 attendentes
782 244 1025 286 huiusmodi
1057 244 1305 286 mandatum
1339 245 1500 299 regium
1525 246 1694 293 iustum,
1719 260 1840 289 accc-

353 318 482 359 dente
511 317 651 358 adhuc
671 329 776 358 sano
801 315 979 358 consilio
1003 316 1301 357 nonnullorum
1325 316 1554 370 peritorum
1579 316 1840 360 dominorum

352 388 407 430 de
440 388 626 443 capitulo
663 388 803 429 dictae
838 387 1050 428 ecclesiae
1085 387 1395 440 Strigoniensis
1428 387 1671 429 huiusmodi
1703 388 1840 430 brevi-

353 461 487 501 arium
525 460 635 501 bene
681 465 916 500 correctum
962 458 1017 511 et,v
1049 465 1339 499 transcursum
1385 471 1460 512 pro
1507 459 1741 513 exemplari
1785 460 1840 501 ad

351 530 677 585 imprimendum
713 530 835 584 plura
866 530 985 570 iuxta
1019 530 1229 571 rubricam
1276 529 1488 570 ecclesiae
1534 529 1840 583 strigoniensis

352 602 616 644 tradidimus.
666 601 807 651 Quare
846 614 923 643 vos
964 614 1110 642 omnes
1158 606 1199 641 et
1245 600 1438 653 singulos
1478 600 1673 642 dominos
1718 615 1839 656 prae-

353 673 480 718 fatos,
501 673 544 714 in
565 679 607 714 et
631 673 709 714 sub
734 672 908 722 diocesi,
933 671 1225 713 iurisdictione
1248 678 1289 712 et
1312 672 1533 725 provincia
1557 671 1841 725 Strigoniensi

354 751 667 786 commorantes
696 744 739 785 in
768 745 921 785 virtute
955 743 1153 784 salutaris
1177 742 1478 785 oboedientiae
1511 744 1764 796 requirimus
1799 750 1841 786 et

353 816 584 867 hortamur,
604 823 649 856 ut
672 814 915 856 huiusmodi
935 814 1065 856 horas
1089 814 1319 856 canonicas
1349 815 1467 855 iuxta
1490 820 1651 856 statuta
1674 822 1841 857 sancto-

354 902 446 928 rum
475 894 641 941 patrum
677 893 718 928 et
744 886 955 927 rubricam
990 885 1327 939 Strigoniensem
1352 885 1558 939 perficere
1583 885 1638 926 ad
1659 887 1841 928 salutem

356 959 591 1000 animarum
624 965 862 999 vestrarum
894 957 1091 1007 valeatis,
1125 956 1368 998 huiusmodi
1399 957 1610 1010 impressa
1630 957 1843 999 breviaria

355 1043 432 1084 pro
464 1042 544 1072 usu
576 1036 719 1071 vestro
753 1028 809 1070 ad
841 1035 1008 1069 vestras
1043 1028 1251 1070 ecclesias
1285 1028 1525 1082 disponatis
1557 1028 1752 1070 feliciter.

411 1209 584 1257 Incipit
616 1209 893 1246 Psalterium
921 1219 1025 1245 cum
1052 1208 1146 1245 suis
1172 1208 1495 1255 pertinentiis:
1530 1209 1782 1245 secundum

698 1275 882 1311 modum
910 1274 1104 1310 ecclesie
1132 1274 1464 1321 Zagrabiensis.
1482 1275 1492 1294 ¹

472 1364 576 1405 Cum
594 1363 637 1404 in
657 1363 820 1404 diocesi
836 1362 1122 1416 Zagrabiensi
1137 1368 1253 1403 esset
1271 1375 1429 1415 magna
1444 1361 1624 1416 penuria
1642 1360 1842 1403 emenda—

349 1441 486 1477 torum
501 1435 806 1477 breviariorum
823 1434 1060 1476 secundum
1079 1433 1390 1475 ordinationem
1409 1430 1468 1487 (et
1484 1439 1529 1474 ut
1544 1433 1672 1486 vulgo
1692 1432 1844 1474 dicitur

352 1505 581 1560 rubricam)
624 1507 765 1549 dictae
799 1505 1026 1555 ecclesiae,
1073 1504 1312 1557 eademque
1352 1504 1564 1546 breviaria
1597 1517 1755 1557 magna
1788 1517 1840 1545 ex

352 1585 474 1632 parte
494 1579 807 1632 longinquitate
826 1576 1030 1631 temporis
1046 1582 1244 1630 corrupta
1268 1590 1319 1617 ac
1340 1576 1591 1630 depravata,
1609 1575 1841 1629 plerorum-

353 1663 435 1703 que
454 1650 705 1704 scriptorum
724 1649 937 1703 imperitia
954 1648 1228 1698 haberentur,
1247 1646 1649 1688 Reverendissimus
1672 1646 1716 1686 in
1738 1646 1839 1687 Xro.

353 1727 479 1775 pater
497 1721 693 1762 dominus
728 1720 971 1762 Osvualdus
996 1726 1257 1760 memoratae
1293 1719 1505 1760 ecclesiae
1536 1717 1842 1771 Zagrabiensis

353 1793 599 1846 episcopus,
634 1790 982 1832 animadvertens
1013 1789 1143 1831 officii
1177 1789 1241 1830 sui
1276 1789 1435 1831 debere
1470 1788 1680 1830 eiusmodi
1711 1802 1842 1843 penu-

352 1864 441 1904 riae
465 1876 688 1905 occurrere
722 1868 850 1914 atque
881 1861 1120 1915 providere,
1144 1867 1190 1901 ut
1221 1874 1273 1901 ex
1296 1860 1414 1901 facili
1436 1859 1649 1901 breviaria
1670 1860 1713 1901 in
1733 1859 1842 1901 utili-

353 1941 486 1976 tatem
520 1934 622 1975 cleri
654 1934 783 1974 totius
817 1933 1004 1974 diocesis
1039 1945 1144 1974 suae
1168 1945 1295 1984 quam
1320 1931 1671 1972 emendatissima
1693 1930 1844 1972 haberi

353 2012 546 2059 possent,
589 1995 854 2059 proindeque
898 2004 941 2044 in
976 2017 1070 2045 eam
1109 2017 1199 2044 rem
1242 2003 1486 2050 intendens,
1532 2009 1577 2043 ut
1610 2009 1652 2044 et
1685 2002 1842 2057 optime

356 2077 699 2127 emendarentur,
735 2089 866 2130 opera
899 2081 1027 2128 atque
1062 2074 1285 2127 diligentia
1312 2073 1621 2116 venerabilium
1655 2073 1843 2115 domino-

355 2161 447 2189 rum
493 2147 666 2201 Georgii
711 2147 764 2188 de
810 2147 945 2188 Bexin
990 2153 1032 2187 et
1072 2146 1206 2187 Blasii
1251 2145 1305 2187 de
1344 2145 1529 2186 Kemlek
1574 2145 1841 2186 decretorum

354 2219 555 2266 doctoris,
571 2218 968 2259 archidiaconorum
988 2224 1031 2259 et
1049 2217 1348 2259 canonicorum
1365 2217 1407 2257 in
1426 2216 1625 2271 praefata
1642 2217 1842 2266 ecclesia,

354 2291 409 2332 ad
431 2298 650 2332 aeternam
674 2289 921 2331 memoriam
944 2289 1114 2343 inprimi
1137 2288 1282 2330 facere
1304 2288 1467 2329 curavit
1486 2288 1632 2340 itaque
1653 2294 1695 2329 et
1716 2300 1842 2340 quam

356 2362 515 2416 optime
549 2361 763 2415 castigata
794 2361 1005 2414 impressa
1038 2367 1135 2400 sunt
1168 2359 1423 2400 auctoritate
1456 2357 1842 2400 reverendissimae

477 2477 485 2496 ¹
515 2478 542 2511 E
561 2479 653 2511 czim
675 2488 715 2511 az
743 2476 868 2511 elo'szo
895 2477 983 2510 utan
1003 2476 1061 2517 all,
1083 2486 1123 2510 ez
1144 2476 1234 2509 elo'tt
1252 2475 1364 2519 pedig
1383 2486 1403 2508 a
1424 2475 1552 2518 naptar
1578 2473 1617 2509 es
1637 2475 1680 2508 12
1701 2474 1842 2509 levelen

355 2548 376 2571 a
402 2537 584 2572 recitalasi
609 2537 747 2571 modor.
774 2537 871 2570 Lasd
897 2536 1047 2569 Knauz:
1075 2535 1172 2569 Libri
1199 2535 1366 2569 Missales
1395 2545 1435 2569 ac
1454 2534 1638 2568 Breviaria
1655 2534 1842 2568 Ecclesiae

355 2597 596 2641 Hungaricae.
619 2596 802 2640 Strigonii‚
824 2597 924 2629 1870.
944 2607 978 2639 p.
998 2596 1053 2628 81.
1081 2593 1115 2628 A
1134 2595 1259 2638 konyv
1277 2592 1411 2638 vegen:
1436 2593 1611 2636 „Explicit
1627 2593 1843 2627 breviarium

357 2657 557 2691 secundum
575 2666 681 2690 vsum
698 2655 853 2690 ecclesie
880 2654 1136 2699 Zagrabiensis
1155 2664 1288 2698 magna
1315 2664 1396 2687 cum
1415 2652 1604 2697 diligentia
1630 2653 1787 2687 revisum
1807 2655 1843 2687 et

355 2715 455 2750 fideli
474 2716 595 2749 studio
614 2716 845 2749 emendatum
864 2725 929 2758 per
952 2713 1197 2748 venerabilem
1222 2713 1408 2747 dominum
1433 2712 1595 2746 Blasium
1615 2712 1841 2746 decretorum

356 2775 545 2809 doctorem
571 2773 877 2808 Archidiaconum
903 2774 948 2808 de
975 2773 1151 2807 Kemleck
1178 2776 1213 2806 et
1240 2772 1454 2806 canonicum
1493 2771 1649 2806 ecclesie
1674 2770 1842 2815 Zagrabi-

355 2834 466 2868 ensis.
507 2834 727 2877 Impressum
754 2833 908 2867 venetiis
946 2843 1011 2876 per
1048 2831 1246 2865 Erhardum
1281 2831 1417 2866 radtolt
1453 2831 1497 2865 de
1525 2833 1690 2875 augusta.
1734 2830 1842 2864 Anno

357 2894 544 2929 salutifere
570 2893 840 2927 incarnationis.
869 2890 1309 2926 M.CCCC.LXXX1111.
1338 2891 1378 2924 V.
1406 2890 1488 2924 idus
1516 2889 1751 2924 decembris.“
