1955 3278
381 136 451 170 220

380 293 463 333 que
496 278 765 333 professores
799 284 841 320 et
874 279 1091 331 sublevas,
1125 286 1167 321 et
1194 286 1267 321 tua
1299 280 1554 322 liberalitate
1577 286 1704 334 atque
1736 280 1866 323 bene-

381 350 554 392 ficentia
599 350 736 391 foves
798 349 879 400 Qui
926 350 1002 392 tibi
1050 351 1430 393 cumulatissimam
1478 352 1657 405 gratiam
1707 351 1867 393 referre

378 427 596 475 satagunt,
644 420 697 462 de
731 427 772 462 te
807 421 1057 467 scribentes,
1094 428 1135 464 et
1168 423 1393 476 praeclara
1425 429 1499 463 tua
1531 422 1723 465 facinora
1755 423 1868 465 cele-

380 493 567 533 brantes.
614 492 679 533 Ex
711 505 762 533 eo
796 492 991 544 maxime,
1040 493 1153 546 quod
1184 494 1295 535 inter
1326 498 1388 534 tot
1420 507 1545 535 curas
1578 500 1639 535 tot
1670 495 1866 548 negocia,

377 569 441 605 tot
473 563 734 604 domesticas
768 570 809 605 et
843 570 1043 606 externas
1065 578 1205 605 rerum
1238 565 1514 605 maximarum
1548 565 1866 619 occupationes,

378 648 463 676 non
494 634 738 675 intermittis
772 634 915 676 studia
947 635 1195 683 litterarum,
1231 649 1324 677 cum
1364 635 1558 689 negociis
1594 636 1731 678 ocium
1764 635 1868 678 divi-

378 706 458 758 dis,
493 712 535 747 et
567 705 782 747 historicis
826 706 1074 747 lectitandis
1114 706 1355 749 subcisivas
1388 707 1517 748 horas
1550 707 1775 761 impendis.
1819 707 1868 749 In

376 791 555 831 quorum
586 777 771 819 lectione
805 783 1009 830 tanquam
1043 777 1278 819 diversorio
1303 779 1557 819 suavissimo
1585 778 1866 831 conquiescis.

377 849 442 890 Ita
486 848 602 890 nullo
646 855 838 902 tempore
885 848 1079 889 desidiae
1124 854 1166 889 te
1201 848 1326 889 dedis
1372 855 1445 890 aut
1488 849 1682 901 inertiae,
1727 862 1867 902 neque

376 932 564 972 unquam
596 933 787 960 marcore
822 919 1046 973 torpescis,
1080 926 1125 960 ut
1158 920 1269 960 enirn
1301 920 1526 961 indefessa
1558 920 1737 974 vertigo,
1773 933 1868 962 coe-

375 991 462 1031 lum
508 996 631 1041 rotat,
664 996 709 1031 ut
743 991 807 1032 sol
841 997 881 1031 et
914 991 1016 1031 luna
1061 997 1174 1032 stare
1219 991 1313 1032 loco
1346 991 1555 1043 nesciunt,
1601 992 1660 1032 ita
1691 998 1737 1033 tu
1770 1004 1868 1033 con-

376 1061 553 1102 tinuatis
586 1062 779 1115 negociis
814 1075 984 1115 semper
1005 1062 1260 1115 irrequietus
1283 1075 1343 1111 es,
1379 1069 1421 1103 et
1444 1075 1614 1116 semper
1641 1063 1867 1114 exercitus,

375 1146 548 1187 semper
592 1133 744 1184 habes,
791 1133 905 1186 quod
949 1139 1122 1183 tractes,
1170 1133 1283 1186 quod
1320 1146 1440 1187 agas,
1489 1134 1603 1187 quod
1635 1133 1866 1176 mediteris

378 1204 473 1245 Non
519 1210 585 1246 est
617 1205 761 1257 itaque
798 1219 871 1246 cur
904 1204 1005 1245 mihi
1051 1205 1276 1258 quisquam
1310 1205 1400 1246 iure
1446 1211 1715 1256 succenseat,
1755 1204 1868 1258 quod

377 1283 418 1317 te
454 1289 556 1330 prae
591 1276 775 1318 caeteris
815 1276 1110 1317 admirandum
1158 1276 1525 1329 excolendumque
1558 1276 1867 1330 proposuerim.

375 1347 514 1397 Quum
548 1354 593 1388 tu
625 1361 710 1389 non
743 1354 969 1402 parentum
1002 1347 1215 1402 precibus,
1248 1360 1328 1388 nec
1357 1348 1579 1401 sanguinis
1608 1347 1869 1389 hereditaria

376 1419 682 1472 generositate,
719 1419 796 1460 sed
829 1425 901 1461 tuo
945 1417 1008 1469 (ut
1042 1417 1208 1473 dicitur)
1242 1426 1376 1460 marte
1411 1418 1630 1471 certando,
1664 1419 1748 1460 tuis
1781 1418 1867 1460 eni-

374 1489 507 1531 tendo
552 1490 780 1532 virtutibus
826 1491 881 1532 ad
928 1504 1136 1531 summum
1180 1490 1417 1531 nobilitatis
1463 1490 1630 1531 culmen
1675 1489 1867 1541 tendere,

375 1566 504 1614 teque
538 1561 692 1602 virtute
726 1562 858 1603 veluti
890 1561 988 1603 face
1009 1563 1234 1616 praeclara
1266 1561 1466 1603 universo
1500 1561 1591 1602 orbi
1624 1560 1866 1612 ostendere,

376 1633 687 1686 procuraveris.
721 1633 776 1674 Ut
799 1633 930 1686 igitur
962 1647 1101 1674 meam
1135 1646 1304 1686 quoque
1329 1646 1432 1686 erga
1460 1639 1501 1673 te
1523 1631 1867 1674 observationem

374 1703 504 1744 etiam
537 1704 722 1757 posteris
756 1710 959 1745 testatam
992 1704 1293 1757 relinquerem,
1328 1704 1438 1745 haec
1472 1704 1633 1758 scripta
1663 1717 1761 1745 mea
1791 1703 1869 1745 tibi

372 1774 591 1823 dedicare,
638 1782 825 1828 tuaeque
872 1789 1082 1817 censurae
1128 1776 1339 1817 subiicere
1373 1774 1498 1816 volui.
1550 1774 1672 1824 Quae
1706 1774 1867 1827 qualia-

372 1859 541 1899 cunque
576 1846 747 1897 fuerint,
783 1847 818 1888 si
842 1847 1165 1901 approbaveris,
1202 1847 1387 1888 animum
1419 1860 1560 1888 meum
1583 1845 1639 1887 ad
1661 1845 1869 1899 ampliora

372 1917 598 1969 excitabis,
645 1925 687 1959 et
731 1932 798 1959 me
844 1918 921 1960 tibi
965 1918 1184 1960 insolubili
1229 1918 1354 1959 modo
1396 1917 1630 1959 devincies.
1688 1915 1867 1970 Suscipe

375 1989 504 2042 igitur
537 1989 618 2030 hoc
651 1989 852 2043 pusillum
885 2003 1039 2030 munus
1073 1989 1213 2031 fronte
1249 2003 1402 2031 serena
1436 1996 1477 2030 et
1510 2002 1637 2042 quum
1671 2002 1697 2029 a
1728 1987 1866 2041 graui-

373 2060 519 2101 oribus
553 2061 829 2113 negociorum
862 2060 1083 2102 laboribus
1116 2060 1296 2102 feriatus
1317 2061 1464 2109 fueris,
1498 2074 1550 2102 ea
1572 2058 1868 2114 perseveranti

373 2132 516 2173 animo
550 2132 741 2185 perlege.
787 2131 893 2173 Vale
927 2132 1191 2173 literatorum
1231 2132 1449 2185 singulare
1488 2131 1747 2186 profugium,
1786 2130 1867 2171 tui-

373 2215 457 2255 que
503 2202 672 2244 Martini
718 2216 863 2245 curam
909 2203 1142 2257 suscipere,
1190 2209 1231 2244 et
1278 2203 1356 2244 sub
1402 2203 1625 2244 tutissimis
1670 2202 1750 2243 alis
1783 2200 1866 2242 tuis

373 2274 611 2315 defendere
645 2288 729 2316 non
764 2274 1025 2328 dedigneris.

426 2463 615 2505 Martini
648 2463 926 2517 Thymele-ini
947 2463 1153 2506 Monaehz·
1176 2463 1326 2505 Sancti
1356 2461 1578 2504 Benedicti
1600 2462 1657 2503 ad
1677 2460 1821 2516 Reym'

376 2533 637 2590 Hzmyarz'ae
654 2535 868 2587 Pmoews,
892 2536 1004 2588 quod
1023 2535 1072 2577 in
1095 2534 1311 2576 Thuream
1334 2534 1440 2576 bella
1456 2548 1616 2576 movere
1632 2533 1866 2589 neylz'yzmt.

962 2622 1089 2655 Libet·
1109 2622 1283 2664 primus.

495 2701 701 2755 Hungara
734 2701 948 2753 nobilitas,
984 2714 1057 2742 cur
1088 2714 1173 2742 non
1207 2700 1431 2754 consurgis
1463 2701 1505 2741 in
1539 2697 1723 2741 hostes?

556 2772 639 2813 Cur
671 2786 756 2814 non
789 2772 905 2813 bella
937 2771 1121 2813 moves?
1156 2785 1230 2813 cur
1262 2785 1343 2813 nec
1374 2772 1418 2812 in
1451 2784 1569 2812 arma
1601 2768 1728 2811 ruis‘?

496 2843 712 2884 Barbarus
746 2844 882 2885 hostis
917 2843 1041 2884 adest
1075 2843 1239 2883 cinctus
1271 2842 1497 2883 furialibus
1530 2841 1670 2892 armis,

554 2914 609 2955 Et
641 2914 718 2956 tibi
752 2920 1000 2956 constanter
1032 2913 1197 2967 praelia
1229 2927 1361 2955 saeva
1393 2919 1531 2967 parat,
