1919 3273
318 115 389 148 442

320 324 624 361 Sebastianus
651 324 867 361 Saluinus
892 325 1091 362 Nicolao
1110 326 1311 362 Batoreo
1330 326 1567 363 Pannonio
1588 327 1816 375 Episcopo

586 389 808 426 Vaeiensi
836 389 1114 437 Suppliciter
1141 402 1188 427 se
1219 391 1547 428 00111111011631.1

437 495 577 537 Rabbi
611 495 857 537 Samuelem
880 496 1085 539 Iudaeum
1107 504 1255 539 contra
1278 496 1534 539 Iudaeorum
1556 498 1814 551 proterviam

318 567 576 620 inanemque
610 567 653 608 in
688 568 781 609 dies
815 581 935 622 spem
969 569 1044 610 tibi
1079 568 1245 619 dedico,
1282 568 1537 610 Venerande
1559 574 1695 623 pater,
1729 581 1814 610 non

319 638 464 680 hercle
497 644 543 679 ut
575 644 617 679 te
650 638 753 680 mihi
786 646 1000 693 utcunque
1034 654 1282 694 promerear
1314 646 1387 680 aut
1418 640 1602 681 fructum
1631 641 1813 682 sentiam

319 709 505 762 aliquem
538 709 684 752 iudicii
716 710 777 751 tui
810 710 863 752 de
898 725 976 762 me7
1013 711 1090 752 sed
1123 718 1167 752 ut
1191 725 1330 753 meam
1363 712 1679 753 observantiam
1702 724 1814 764 quae

318 781 361 822 in
394 787 437 822 te
472 794 638 822 summa
671 782 773 822 mihi
807 789 886 833 est,
920 796 1091 836 semper
1113 796 1328 836 agnoscas
1347 783 1642 836 ineredulique
1664 783 1816 824 Iudaei

319 866 345 893 a
377 857 419 893 te
452 852 627 894 tandem
672 854 839 894 ratione
874 854 1057 896 convicti
1101 855 1319 908 patiantur
1351 855 1449 895 telis
1486 855 1664 896 vulnera
1695 854 1817 896 facta.

320 924 419 964 suis.
467 923 603 973 Quem
636 925 744 965 verti
777 932 822 965 ut
854 926 987 979 potui,
1022 932 1152 978 utque
1187 926 1279 967 eius
1311 926 1491 967 materia
1523 926 1694 980 patitur,
1729 925 1814 967 ele-

319 994 505 1048 gantius,
541 1009 618 1037 seu
651 996 898 1050 interpretis
933 1010 1009 1038 seu
1044 997 1113 1049 qui
1147 997 1416 1051 exscripsere
1452 996 1550 1038 vitio
1583 997 1813 1038 barbarum

319 1079 370 1107 ac
402 1080 514 1120 pene
538 1074 780 1121 corruptum
815 1081 840 1108 a
872 1068 1025 1121 Rabby
1049 1068 1224 1110 Samuel
1255 1068 1415 1109 Iudaeo
1437 1068 1492 1109 ad
1514 1068 1666 1121 Rabby
1688 1068 1816 1109 Isaac

320 1151 572 1191 synagogae
618 1139 870 1192 principem,
917 1138 1101 1180 arabicis
1135 1145 1180 1180 ut
1211 1139 1405 1180 nonnulli
1448 1144 1614 1193 putant,
1659 1139 1814 1180 litteris

319 1209 436 1263 prius
471 1210 686 1263 scriptum.
722 1209 804 1259 Qui
838 1224 931 1252 cuni
966 1224 1019 1251 ex
1042 1210 1214 1252 arabico
1234 1210 1278 1250 in
1300 1223 1503 1263 graecum
1537 1223 1614 1251 seu
1635 1210 1812 1251 latinum

318 1280 447 1322 immo
475 1287 520 1321 ut
553 1281 640 1322 dixi
661 1281 891 1322 barbarum
916 1281 969 1322 ab
997 1281 1220 1336 Alphonso
1242 1281 1449 1336 Hyspano
1481 1280 1537 1322 ad
1559 1281 1813 1324 Pontificem

319 1351 581 1393 Bonifatium
629 1352 928 1394 duodecimum
964 1366 1076 1394 anno
1114 1354 1252 1394 almae
1287 1353 1439 1394 salutis
1484 1353 1710 1394 millesimo
1745 1353 1813 1393 tri-

320 1424 555 1465 001110511110
579 1424 800 1477 trigesimo
825 1437 951 1475 nono,
979 1425 1124 1477 quinto
1148 1425 1213 1465 sui
1235 1437 1346 1465 311110
1365 1424 1661 1476 Pon‘tificatus⁷
1684 1423 1815 1465 fuerit

318 1494 403 1535 iam
420 1495 655 1547 traductus,
682 1495 1261 1550 eiusmodiinterpretatione
1276 1495 1519 1537 Bonifatius
1542 1495 1636 1549 ipse
1656 1495 1812 1536 Metro-

321 1566 583 1607 cotoniorum
610 1567 879 1620 episcopatui
901 1567 1170 1621 Alphonsum
1195 1580 1402 1621 praeesse
1421 1566 1565 1608 voluit.
1591 1566 1717 1616 Quod
1737 1566 1812 1606 im-

319 1637 495 1679 meritus
526 1651 665 1691 neque
696 1638 880 1690 requiro,
910 1638 987 1679 sed
1018 1644 1062 1679 ut
1086 1639 1224 1685 soluto
1255 1651 1370 1679 more
1401 1651 1571 1692 semper
1593 1651 1659 1679 me
1679 1650 1812 1679 311105.

435 1836 445 1855 ¹
475 1836 563 1871 Ood.
591 1837 855 1882 Maglibbecch.
884 1837 1035 1871 XXXIV
1055 1848 1087 1881 q.
1110 1838 1163 1871 72.
1183 1837 1295 1871 chart.
1324 1847 1420 1871 saec.
1438 1836 1515 1870 XV.
1542 1837 1578 1870 in
1596 1835 1645 1878 4⁰,
1671 1836 1735 1871 fol.
1755 1836 1810 1871 63.

314 1895 459 1941 Vegen:
481 1897 590 1931 Finis.
611 1897 725 1931 Nonis
741 1897 960 1931 Octobribus
976 1897 1076 1931 147?
1093 1895 1357 1941 Valosziniileg
1372 1896 1540 1930 Salvinus
1557 1895 1812 1940 autographja,

315 1967 394 1990 arra
421 1957 540 2001 enged
580 1957 753 2001 legalabb
792 1956 1069 1991 ko'vetkeztetni
1099 1967 1119 1990 a
1145 1956 1358 2000 szovegben
1395 1954 1582 1989 talalkozo
1610 1955 1812 1989 szamtalan

311 2016 448 2061 javitas
487 2015 527 2050 es
554 2016 723 2050 vakaras.
764 2016 798 2049 A
825 2014 1002 2050 kei-deses
1029 2016 1164 2049 munka
1202 2015 1264 2049 fol.
1293 2015 1409 2049 2b-tol
1434 2015 1499 2049 fol.
1529 2015 1651 2060 39a—ig
1680 2014 1813 2059 terjed‚

312 2075 601 2110 huszonkilencz
628 2075 851 2119 fejezetben.
879 2075 957 2109 Fol.
993 2075 1241 2118 39b—45b-ig
1266 2086 1340 2119 egy
1367 2074 1576 2109 Sebastiani
1603 2074 1740 2108 Salvini
1766 2075 1813 2109 de

315 2138 544 2169 sacramento
585 2135 701 2168 czimii
741 2134 876 2168 munka
902 2145 982 2175 van,
1022 2135 1159 2179 melyet
1188 2134 1368 2176 Salvinus,
1402 2135 1477 2179 ugy
1502 2134 1646 2175 latszik,
1673 2133 1814 2178 megint

312 2195 495 2238 valamely
515 2194 671 2238 egyhazi
689 2192 871 2228 ferfiunak
893 2194 996 2228 akart
1010 2194 1235 2239 felajzinlani,
1254 2205 1287 2228 v.
1304 2197 1337 2227 ὃ.
1354 2204 1374 2228 3
1386 2192 1605 2228 Praefatiot:
1628 2193 1811 2234 „Sebasti-

315 2264 404 2288 anus
433 2253 602 2287 Salvinus
629 2253 860 2287 Florentinus
889 2256 998 2292 (most
1025 2263 1097 2298 egy
1122 2251 1237 2287 felsor
1263 2255 1345 2287 11105
1372 2253 1513 2287 maradt
1533 2264 1553 2287 3
1570 2250 1812 2297 tulajdonnev

314 2313 500 2347 szamara:
528 2311 667 2356 Accipe
694 2313 911 2356 opusculum
933 2323 953 2346 3
974 2313 1192 2347 Sebastiano
1214 2312 1362 2346 Salvino
1383 2312 1427 2346 (le
1448 2315 1676 2347 sacramento
1696 2321 1813 2355 nuper

314 2373 451 2407 editum
488 2376 625 2416 tuoque
668 2372 805 2406 nomini
832 2372 1002 2406 dicatum.
1041 2372 1136 2406 Fieri
1162 2372 1307 2406 minime
1340 2382 1453 2415 posse
1480 2372 1666 2415 putabam,
1703 2380 1811 2405 vene-

312 2433 425 2466 rande
452 2435 566 2475 03101,
606 2432 692 2475 quin
719 2432 765 2465 ad
791 2432 905 2465 virum
945 2442 1086 2466 sacrum
1114 2435 1150 2466 et
1175 2432 1252 2465 fere
1286 2432 1331 2465 ab
1358 2432 1505 2465 ineunte
1546 2434 1666 2465 aetate
1694 2430 1809 2465 saeris

312 2492 494 2526 initiatum
522 2491 658 2535 aliquid
687 2492 883 2526 scriberem
910 2492 955 2525 de
984 2494 1211 2526 sacramento
1240 2492 1308 2525 stb.
1343 2491 1409 2525 Est
1435 2491 1530 2525 enim
1556 2490 1642 2524 mihi
1669 2490 1810 2524 animus

314 2562 401 2596 erga
426 2555 462 2585 10
489 2552 666 2586 maximus
705 2552 893 2585 voluntate
934 2551 1147 2594 aptissimus
1179 2561 1220 2584 30
1246 2550 1511 2593 paratissimus.
1558 2550 1703 2584 Utinam
1728 2559 1812 2583 mea

314 2621 458 2654 semper
483 2610 550 2644 tibi
576 2611 757 2654 placeant,
797 2613 836 2643 ut
862 2610 1010 2653 placent
1035 2609 1122 2643 mihi
1148 2616 1211 2643 1113
1249 2613 1405 2653 suntque
1433 2609 1594 2653 undique
1631 2608 1811 2653 placitura

314 2670 383 2704 stb.
400 2690 443 2693 —
458 2670 534 2703 Fol.
550 2670 798 2714 46b—63b-ig
818 2680 890 2713 egy
908 2670 986 2703 11135
1002 2669 1152 2702 munka:
1176 2668 1452 2709 „Consideratio
1473 2679 1539 2703 seu
1555 2667 1809 2712 interpretatio

313 2729 435 2763 brevis
475 2729 634 2763 omnium
673 2730 896 2772 psalmorum
935 2729 1044 2763 Davit
1083 2729 1306 2762 canticorum
1339 2728 1630 2771 hymnorumque
1657 2726 1808 2761 aliorum

312 2789 572 2832 prophetarum
600 2792 708 2832 atque
737 2792 945 2822 sanctorum
973 2791 1009 2822 et
1036 2788 1230 2832 gratiarum
1258 2788 1310 2822 eis
1338 2790 1590 2822 contentarum
1618 2785 1809 2820 orationis-

314 2857 383 2890 que
412 2847 615 2882 dominicae
644 2847 853 2881 Sebastiani
881 2847 1018 2881 Salvini
1043 2847 1243 2881 Florentini
1271 2847 1317 2880 ad
1343 2847 1456 2890 (most
1482 2848 1565 2880 iires
1591 2844 1647 2879 ter
1665 2855 1685 2879 3
1701 2843 1808 2888 tulaj-

313 2904 384 2940 nev
411 2907 598 2948 szamara.)
