1955 3278
319 135 387 169 244

316 432 384 466 405

316 788 385 822 410

319 1146 387 1179 415

317 1504 387 1537 420

319 2217 388 2251 430

319 2574 388 2607 435

438 281 557 321 Multi
589 287 828 335 praeterea,
865 294 1042 334 quorum
1075 282 1189 323 volat
1223 282 1369 323 inclita
1401 281 1518 323 fama

495 352 602 392 Tum
636 352 811 405 viguere
847 353 936 400 viri,
970 366 1148 407 corpore
1182 353 1411 407 perspicui,

435 422 574 463 Armis
607 422 857 476 praevalidi,
891 423 1054 464 robusti
1087 424 1247 465 viribus
1280 424 1398 477 ipsis,

496 493 684 543 Quorum
717 494 982 548 temporibus
1014 495 1154 548 patria
1186 501 1277 535 tuta
1309 495 1401 535 fuit.

436 564 620 605 Nomina
653 565 688 605 si
721 578 899 617 quorum
933 565 1103 619 scriptis
1137 565 1446 619 comprendere
1481 578 1622 616 coner,

495 635 710 677 Littoreas
743 650 919 677 numero
954 636 1097 677 dicere
1131 650 1262 677 conor
1294 650 1410 685 aves.¹

437 707 680 761 Promptius
715 721 959 748 enumerem
993 707 1203 760 siquidem
1237 715 1337 760 quot
1370 708 1487 749 littus
1522 720 1690 760 arenas,

495 778 640 820 Hister
673 779 805 820 habet
839 779 994 833 pisces,
1027 786 1128 831 quot
1161 785 1279 820 tenet
1313 779 1427 820 orbis
1462 792 1580 833 apes.

435 850 672 903 Praecipue
711 850 851 890 fuerat
883 856 1027 890 tamen
1060 849 1374 890 illustrissimus
1406 850 1547 899 116105,

495 921 666 962 Viribus
699 921 895 974 insignis,
931 920 1195 973 consilioque
1230 921 1387 974 gravis,

437 993 629 1044 Actibus,
662 993 836 1046 ingenio
870 992 1074 1046 prudens,
1109 998 1251 1033 aetate
1284 992 1451 1039 beatus,

497 1063 589 1113 Quo
622 1064 728 1104 nihil
760 1064 802 1104 in
837 1064 959 1104 terris
993 1063 1144 1104 fortius
1178 1076 1275 1104 esse
1309 1070 1464 1118 potest.

443 1135 647 1176 Matthias
680 1136 896 1189 princeps,
930 1148 1079 1188 regum
1112 1134 1360 1176 venerabile
1395 1135 1577 1183 culmen,

496 1206 811 1260 Magnanimus⁷
846 1206 987 1259 gentis
1020 1212 1132 1246 tutor
1165 1219 1368 1258 amorque
1403 1219 1520 1247 suae.

439 1278 527 1320 Sub
562 1291 643 1331 quo
677 1292 754 1331 per
787 1284 927 1319 certos
960 1277 1206 1332 respublica
1240 1276 1378 1318 floruit
1411 1290 1561 1328 annos,

498 1350 631 1391 Roma
651 1348 663 1370 ¹
697 1349 812 1389 velut
846 1348 979 1401 viguit
1015 1348 1093 1389 sub
1129 1348 1334 1389 Cicerone
1367 1355 1534 1401 potens.

438 1421 546 1462 Nam
579 1421 688 1461 rexit
720 1433 899 1474 regnum
935 1433 1104 1474 semper
1138 1419 1427 1460 moderamine·
1461 1420 1586 1471 iusto,

499 1492 767 1546 Conspicuus
800 1492 966 1545 patriae
999 1491 1077 1531 rite
1111 1490 1343 1532 monarcha
1374 1490 1466 1532 fuit.

440 1564 667 1618 Promptus
700 1563 743 1604 in
777 1563 981 1604 auxilium
1015 1562 1196 1613 miseris⁷
1232 1562 1482 1616 patriaeque
1516 1562 1693 1614 labanti,

497 1635 701 1676 Exhibuit
734 1634 902 1675 validas
934 1633 1243 1686 munificasque
1278 1646 1440 1674 manus.

440 1705 680 1749 Strenuus²
713 1707 784 1747 ille
819 1705 991 1758 quidem
1024 1705 1150 1746 bellis
1183 1705 1395 1757 laetisque
1429 1705 1666 1759 triumphis,

496 1778 578 1819 Pro
613 1784 765 1818 sancta
798 1777 934 1830 gessit
966 1776 1151 1817 maxima
1185 1789 1380 1828 quaeque
1413 1775 1510 1817 fide.

371 1861 383 1866 ”
443 1849 572 1891 Cuius
607 1848 759 1890 dextra
791 1856 947 1902 potens
981 1848 1183 1901 populum
1218 1847 1465 1900 patriosque
1494 1853 1689 1901 penates,

499 1920 682 1974 Saepius
716 1934 741 1961 a
773 1920 922 1961 rabido
957 1919 1126 1960 sustulit
1161 1932 1232 1959 ore
1267 1919 1398 1959 canis.

438 1992 627 2045 Belliger
658 1992 694 2032 is
727 1992 868 2033 fuerat
900 1990 1001 2031 fidei
1034 2003 1160 2042 quam
1194 1989 1324 2030 durus
1357 1989 1399 2030 in
1432 1990 1594 2036 1105165,

497 2063 720 2117 Approbat
754 2063 835 2104 hoc
869 2062 997 2103 variis
1030 2074 1177 2115 pugna
1211 2067 1387 2101 cruenta
1419 2061 1537 2102 locis.

441 2134 570 2176 Cuius
604 2134 721 2175 facta
754 2134 926 2187 quidem
959 2146 1039 2174 nec
1072 2138 1247 2187 postera
1281 2132 1427 2172 saecla
1459 2132 1677 2183 tacebunt,

498 2206 589 2248 Nec
622 2219 832 2261 praesens
866 2211 1009 2246 vatum
1043 2205 1164 2246 Musa
1200 2205 1326 2246 silere
1359 2209 1515 2258 potest.

440 2277 609 2319 Vicerat
642 2278 890 2318 innumeras
922 2276 1087 2330 plebes,
1121 2283 1183 2318 tot
1215 2289 1363 2330 regna,
1397 2282 1457 2316 tot
1490 2275 1632 2326 urbes,

497 2349 576 2390 Hic
609 2349 811 2403 princeps
845 2348 986 2388 multis
1018 2347 1103 2388 iam
1135 2347 1392 2388 metuendus
1426 2352 1529 2386 erat.

441 2419 679 2461 Germanus
713 2419 862 2466 sensit,
897 2425 1101 2471 quantum
1136 2418 1340 2471 surgebat
1373 2418 1415 2458 in
1449 2418 1577 2459 armis

497 2491 571 2532 Vis
606 2504 696 2542 sua7
732 2503 842 2542 quae
877 2490 1032 2530 misero
1066 2489 1238 2541 cognita
1271 2502 1407 2542 nuper
1440 2495 1543 2531 erat.

441 2563 569 2605 Stiria
603 2562 701 2602 dum
735 2561 889 2602 cecidit
921 2560 1167 2602 victricibus
1202 2560 1342 2601 excita
1374 2560 1513 2610 bellis7

496 2634 615 2675 Illius
649 2640 776 2685 atque
810 2631 938 2673 urbes
971 2631 1144 2685 oppida7
1181 2638 1334 2682 castra,
1367 2631 1494 2672 lares.

440 2705 612 2747 Austria
645 2704 745 2745 dum
778 2704 940 2757 gemuit
971 2702 1178 2743 bellorum
1212 2701 1401 2755 pondere
1434 2715 1600 2755 pressa,

501 2775 722 2830 Captaque
756 2773 984 2827 magnifice
1016 2772 1195 2826 pulchra
1228 2772 1394 2813 Vienna
1425 2771 1516 2812 fuit.

441 2928 450 2948 ¹
480 2928 620 2962 Rhoma
646 2928 687 2961 A.
740 2928 752 2945 ²
780 2927 980 2961 Strennuus
1007 2926 1050 2959 A.
