1898 3278
236 140 280 169 (fo

238 162 243 169 ι
261 161 279 171 ..Α

239 289 471 337 posterum,
506 281 574 322 dei
607 281 873 334 benignitate
906 281 997 322 fieri
1031 281 1234 322 auctiora.
1282 281 1516 322 Lucianum
1551 287 1592 321 et
1626 280 1731 322 Ver-

242 367 390 395 nerum
424 353 574 394 obvius
609 353 771 406 accepi,
807 353 957 406 accepi
979 359 1020 393 et
1041 352 1234 394 codicem
1260 351 1471 393 Graecum
1493 351 1731 394 Ptolemaei

240 425 342 466 mihi
375 425 503 477 longe
550 424 854 477 gratissimum,
900 424 1019 465 cuius
1065 424 1234 464 nomine
1280 422 1557 476 gubernatori
1589 423 1732 464 omnia

241 496 389 537 debeo.
442 495 625 536 Domino
670 494 865 536 Vatiensi
910 495 1015 535 nihil
1049 494 1201 546 debeo,
1249 494 1318 547 qui
1352 494 1475 547 quasi
1515 494 1731 548 scepticus

240 567 453 619 negabat;
501 572 543 607 et
576 579 703 619 quom
738 580 820 619 ego
865 566 1085 616 vidissem,
1132 565 1349 619 legissem,
1389 571 1731 618 tractassemque

241 652 337 679 eum
372 637 563 679 codicem
597 637 639 678 in
671 637 794 691 regia
825 637 1102 688 bibliotheca,
1142 637 1236 690 ipse
1270 644 1413 678 tamen
1446 636 1627 691 putabat
1658 636 1731 677 mi-

241 709 352 750 nime
384 709 428 749 in
453 722 505 750 ea
527 708 718 763 reperiri.
754 708 924 749 Excuso
958 714 1100 749 tamen
1130 708 1280 749 summi
1303 707 1505 748 antistitis
1534 707 1732 760 ingentes

241 780 567 834 occupationes,
624 780 694 832 qui
742 779 866 820 nobis
917 784 1133 820 extremae
1183 780 1335 820 classis
1383 777 1732 820 homuntionibus

241 864 417 905 operam
452 856 493 891 et
526 849 713 891 studium
747 856 969 903 praestare
1003 862 1088 890 non
1121 856 1276 903 potest.
1325 848 1504 891 Gaudeo
1539 848 1733 890 Castilio-

242 936 337 963 nem
372 921 618 975 suscepisse
654 920 942 961 conditionem
976 927 1017 960 et
1041 933 1184 960 curam
1209 933 1464 973 organorum
1484 920 1527 960 in
1549 919 1732 961 mathesi

241 992 598 1034 fabricandorum.
647 992 785 1032 Tuum
819 997 885 1032 est
922 1004 1075 1044 urgere
1110 991 1326 1032 hominem
1371 990 1470 1032 dum
1503 1003 1572 1032 res
1606 991 1731 1032 calet.

242 1065 435 1115 Ursinus,
471 1064 642 1104 Caelius
676 1063 868 1104 ministro
898 1069 970 1104 tuo
995 1063 1234 1103 cumulatas
1257 1062 1455 1113 reddunt,
1481 1075 1588 1115 quas
1611 1074 1733 1103 acce-

242 1142 395 1190 perunt
428 1135 590 1176 salutes
625 1141 666 1176 et
700 1148 746 1175 se
779 1134 835 1176 ad
869 1135 959 1175 eius
995 1133 1218 1175 commoda
1263 1147 1502 1188 propensos
1536 1134 1732 1175 offerunt.

241 1207 576 1248 Illustrissimum
611 1205 827 1247 dominum
859 1219 999 1246 meum
1033 1206 1094 1246 tui
1116 1205 1455 1246 amantissimum
1487 1210 1735 1246 reverenter

243 1277 426 1320 salutavi
459 1284 530 1318 tuo
564 1278 748 1318 nomine.
798 1277 1074 1318 Ptolemaeus
1114 1276 1183 1318 hic
1216 1289 1369 1318 recens
1415 1275 1734 1318 contubernalis

243 1362 363 1390 meus
396 1349 566 1389 omnino
610 1354 759 1402 posset
792 1361 890 1389 esse
923 1348 1151 1401 levigatior
1191 1354 1232 1389 et
1267 1347 1513 1398 emunctior,
1561 1359 1734 1400 mango-

243 1421 445 1461 nissatior
477 1427 621 1460 tamen
656 1426 722 1460 est
754 1420 797 1460 in
830 1419 961 1473 pallio
995 1420 1077 1461 hoc
1110 1419 1410 1469 transmarino,
1445 1432 1572 1471 quam
1606 1418 1660 1459 sit
1690 1418 1735 1459 in

243 1499 356 1544 toga.
406 1490 550 1545 Opera
582 1491 753 1532 omnino
788 1492 958 1544 gravior
991 1498 1070 1542 est,
1107 1504 1233 1543 quam
1261 1491 1400 1531 animo
1423 1489 1733 1543 concepissem,

242 1576 389 1604 verum
435 1563 576 1604 nullus
619 1563 742 1604 labor
775 1576 842 1603 me
878 1563 1122 1604 deterrebit.
1172 1562 1258 1604 Sed
1292 1562 1400 1603 heus
1433 1568 1478 1602 tu
1522 1561 1734 1614 Zieglere,

243 1635 460 1676 hominum
494 1635 652 1688 optime
688 1647 739 1675 ac
772 1634 1034 1685 doctissime,
1069 1633 1170 1687 quid
1203 1634 1278 1675 tibi
1310 1634 1427 1675 venit
1458 1633 1501 1674 in
1534 1638 1734 1683 mentem,

242 1719 371 1759 quom
405 1706 624 1759 glossema
655 1705 761 1747 illud
784 1706 975 1747 secundo
1009 1705 1139 1759 capiti
1160 1705 1424 1759 adscriptum
1445 1704 1498 1745 de
1521 1703 1735 1745 sciothero

242 1791 327 1819 non
348 1777 473 1818 modo
502 1777 787 1828 damnaveris,
820 1776 897 1818 sed
922 1777 1092 1817 omnino
1117 1774 1385 1830 exploseris‘?
1419 1775 1546 1828 Atqui
1569 1774 1736 1816 Graeca

246 1849 453 1890 autoritas
486 1847 590 1890 illud
624 1854 766 1889 tuetur
800 1848 843 1888 in
879 1848 988 1889 haec
1021 1848 1178 1889 verba:
1215 1848 1447 1901 σκιοθήρας
1479 1844 1561 1884 ἔστι
1593 1850 1737 1898 σχῆμα

246 1920 486 1974 πυραμίδος.
522 1917 567 1958 ἐκ
613 1916 815 1971 τεσσάρων
849 1921 1044 1971 τριγώνων
1082 1920 1375 1972 περιεχόμενον,
1422 1914 1522 1971 nepa}
1551 1918 1735 1956 ιστάντων

244 1989 485 2045 ὀρθογωνίαν
531 1996 605 2029 τῶν
648 1992 858 2044 τριγώνων>
902 1988 950 2029 ’δι’
986 1987 1031 2030 οὗ
1065 1987 1322 2045 λαμβάνομεν
1368 1990 1436 2042 τὴν
1474 1988 1735 2042 μεσημβρίαν.

245 2063 445 2105 Sciother
487 2062 618 2103 habet
651 2062 828 2104 formam
864 2062 1129 2116 Pyramadis.
1181 2062 1245 2102 Ea
1290 2068 1470 2114 quatuor
1511 2059 1737 2113 triangulis

245 2141 428 2183 constat,
463 2135 534 2186 qui
567 2140 730 2176 rectum
763 2134 967 2187 angulum
1001 2133 1307 2186 triangulorum
1342 2132 1557 2178 ambeunt,
1580 2144 1632 2172 ex
1654 2143 1735 2183 quo

244 2205 523 2247 meridianum
570 2212 807 2259 captamus.
859 2205 999 2254 Quare
1034 2205 1075 2245 in
1108 2204 1265 2246 iudicio
1299 2210 1370 2245 tuo
1410 2202 1593 2256 amplius
1626 2201 1735 2251 dico,

243 2278 454 2331 tantisper
498 2276 598 2317 dum
630 2289 797 2317 rursum
843 2282 983 2317 tecum
1026 2276 1142 2317 litem
1184 2275 1452 2316 certaverim.
1500 2274 1608 2315 Nam
1642 2284 1736 2326 pro-

244 2348 436 2389 verbium
468 2354 592 2389 vetus
627 2354 692 2388 est
726 2347 892 2399 δεύτερα
927 2345 1100 2400 ἀμείνω;
1134 2346 1177 2387 id
1208 2354 1286 2397 est,
1322 2345 1514 2387 secunda
1545 2344 1735 2385 meliora.

246 2419 365 2460 Bene
399 2419 506 2462 vale.
552 2418 619 2460 VI.
657 2418 872 2460 Calendas
906 2418 1057 2459 Martii.
1090 2417 1343 2459 M.D.XIX.

388 2551 426 2591 p.
459 2535 525 2580 97.
575 2536 743 2578 Caelius
783 2537 868 2577 Cal.
902 2535 1071 2578 Jocmm'
1103 2535 1328 2589 Baptistae
1360 2533 1515 2576 Pisoni
1547 2533 1592 2575 S.

366 2632 487 2681 Quae
532 2632 587 2673 ad
621 2646 687 2672 me
722 2632 932 2686 scripsisti
965 2631 1018 2672 de
1059 2631 1336 2673 adolescente
1369 2631 1455 2681 illo,
1504 2642 1629 2682 quem
1661 2627 1738 2669 tibi

247 2703 450 2757 optabam
484 2703 835 2744 contubernalem
867 2702 973 2754 fieri,
1016 2702 1189 2743 fuerunt
1222 2708 1437 2756 pergrata.
1487 2699 1668 2750 Quando
1702 2698 1738 2739 si

247 2774 343 2814 istic
377 2780 454 2824 est,
490 2787 629 2826 neque
653 2775 781 2827 longe
805 2780 995 2824 evectus,
1017 2780 1063 2814 ut
1084 2773 1287 2823 verebar,
1321 2773 1405 2813 iam
1428 2785 1529 2825 spes
1559 2770 1738 2824 affulget

248 2858 332 2885 non
377 2845 546 2886 facilius
593 2845 733 2886 omnia
777 2858 829 2886 ex
863 2844 1077 2886 sententia
1122 2844 1393 2885 confecturos
1434 2856 1545 2884 esse.
1601 2842 1737 2892 Quom

249 2915 361 2955 enim
407 2915 580 2967 quidam
625 2915 727 2956 mihi
772 2915 1076 2966 renuntiasset,
1123 2915 1177 2956 ab
1223 2915 1402 2956 Etrusco
1435 2914 1521 2965 illo,
1569 2913 1621 2954 de
1656 2926 1737 2965 quo
