1955 3278
192 907 343 940 Gravidis

191 963 348 992 matronis

180 1014 244 1043 vini
267 1024 347 1044 usus

159 1065 361 1097 interdictus.

200 2054 320 2084 Vinum

180 2116 340 2137 venenum

250 2163 300 2189 est

167 2212 355 2250 virginibus.

383 116 450 148 144.

378 259 628 303 inoleverat.
664 266 707 299 ut
741 259 819 300 viri
852 273 903 300 ac
935 259 1161 313 propinqui
1193 259 1364 300 domum
1397 260 1557 301 reversi
1590 261 1784 314 coniugis
1817 274 1866 303 ac

376 330 557 370 filiarum
590 331 780 371 osculum
814 336 1044 383 poscerent
1077 330 1337 384 exploraturi
1370 343 1424 371 an
1452 336 1655 372 temetum
1689 332 1865 375 olerent,

376 401 613 454 Propterea
657 402 775 442 aiunt
820 402 1077 454 Aegnatium
1124 415 1299 442 uxorem
1345 414 1464 442 suam
1511 415 1564 442 ex
1597 401 1709 443 dolio
1753 403 1867 445 fuste

376 471 661 516 interfecisse,
709 472 809 524 quia
852 471 996 513 vinum
1041 472 1223 513 bibisset
1257 478 1299 512 et
1332 486 1358 512 a
1389 472 1567 513 Romulo
1613 473 1761 514 caedis
1794 474 1868 516 ab·

376 543 570 583 solutum.
597 542 669 583 (ln.
694 543 906 584 Domitius
930 542 1060 584 index
1082 543 1303 584 mulierem
1328 543 1542 596 quandam
1568 543 1666 584 dote
1690 544 1866 586 mulcta-

375 613 447 664 vit7
482 614 596 666 quod
629 614 769 654 vinum
791 613 926 655 inscio
959 614 1049 655 viro
1081 627 1157 654 suo
1179 619 1410 666 gustasset.
1446 612 1584 654 Stulla
1607 614 1709 656 item
1733 621 1866 657 morte

377 684 580 725 damnata
615 690 679 726 est
713 685 766 726 ob
801 698 894 726 eam
928 685 1069 738 ipsam
1103 698 1313 736 caussam,
1355 690 1503 726 auctor
1536 691 1601 726 est
1633 686 1867 740 Dionysius

374 756 417 796 in
450 756 569 797 libris
603 755 918 808 antiquitatum.
952 756 1006 796 Et
1039 755 1126 796 alia
1148 762 1356 806 matrona,
1392 757 1502 798 sicut
1533 757 1685 798 recitat
1707 756 1867 798 Fabius

374 827 517 868 Pictor
548 827 590 867 in
623 827 874 878 Annalibus,
907 826 1052 867 inedia
1084 826 1189 867 mori
1221 832 1397 868 coactae
1428 824 1473 880 (l)
1507 834 1585 878 est,
1622 829 1721 880 quia
1752 828 1866 869 locu-

374 898 439 939 los
457 898 500 939 in
520 898 674 951 quibus
693 904 814 938 erant
832 898 978 939 claves
996 898 1133 938 cellae
1150 898 1340 939 vinariae
1359 898 1683 952 resignavisset.
1703 899 1867 940 Foemi-

374 982 452 1010 nas
485 971 585 1010 item
620 975 816 1010 caeteras
841 982 891 1009 ac
913 969 1120 1021 coniuges
1152 969 1234 1022 ipsi
1258 969 1388 1022 prisci
1410 969 1591 1010 Romani
1614 983 1709 1011 cum
1732 970 1867 1023 primo

375 1041 617 1093 nuptiarum
662 1040 730 1080 die
764 1046 851 1080 tum
898 1040 1024 1080 etiam
1068 1040 1232 1092 reliquo
1279 1048 1470 1094 tempore
1515 1041 1659 1081 vinum
1694 1041 1867 1081 nimium

375 1111 541 1152 modice
576 1125 743 1152 sumere
777 1112 1016 1161 voluerunt,
1050 1112 1233 1152 maxime
1266 1125 1367 1153 vero
1402 1125 1497 1153 cum
1519 1111 1626 1165 proli
1648 1119 1866 1162 vacarent,

375 1183 487 1235 quod
519 1183 602 1224 illis
637 1182 827 1236 gravidis
860 1182 1003 1224 vinum
1027 1188 1215 1234 noceret,
1250 1189 1484 1236 partusque
1507 1183 1689 1235 ignavos
1711 1182 1866 1224 redde-

372 1262 448 1296 ret.
486 1255 593 1296 Nam
628 1262 669 1295 et
701 1254 956 1295 Aristoteles
989 1254 1157 1307 probat,
1193 1254 1307 1306 quod
1337 1254 1647 1295 vinolentorum
1670 1254 1867 1307 genitura

374 1327 428 1366 sit
462 1333 503 1366 et
548 1338 713 1378 aquosa
753 1333 793 1366 et
838 1325 1111 1366 infoecunda.
1160 1325 1213 1365 Et
1252 1325 1509 1366 Plutarchus
1553 1325 1596 1365 in
1634 1325 1779 1366 libello
1813 1324 1866 1366 de

374 1398 610 1438 educandis
643 1397 789 1438 liberis
823 1397 1048 1451 praecipit,
1082 1397 1196 1449 quod
1219 1397 1261 1437 hi
1285 1397 1356 1449 qni
1380 1409 1426 1438 se
1458 1395 1707 1437 mulieribus
1730 1396 1867 1449 gratia

373 1468 650 1522 generandae
685 1468 846 1510 sobolis
867 1467 1112 1515 admovent,
1145 1468 1315 1509 omnino
1340 1468 1472 1509 sobrii
1494 1474 1567 1508 aut
1593 1468 1692 1508 vino
1716 1468 1867 1509 saltem

373 1540 689 1581 modestissime
725 1539 914 1581 delibato
949 1533 1229 1592 congressum
1262 1538 1437 1580 faciant.
1472 1538 1635 1587 Quibus
1669 1539 1781 1579 enim
1815 1552 1867 1580 ex

372 1612 506 1660 initio,
539 1618 584 1652 ut
617 1625 642 1652 a
675 1610 942 1664 genitmibus
976 1623 1052 1664 per
1085 1610 1337 1651 ebrietatem
1361 1610 1674 1651 seminarentur
1696 1609 1866 1661 accidit,

373 1683 415 1723 hi
449 1683 538 1724 vini
574 1696 624 1724 ac
659 1682 883 1723 temulenti
918 1682 1114 1722 nimirum
1152 1694 1249 1723 esse
1290 1682 1442 1722 solent.
1490 1681 1731 1735 Eapropter
1773 1694 1867 1722 cum

373 1755 596 1807 Diogenes
630 1753 845 1806 quendam
879 1766 931 1793 ex
971 1753 1223 1793 temulentia
1268 1753 1482 1793 alienatae
1523 1752 1678 1793 mentis
1721 1752 1864 1793 adule-

374 1826 612 1867 scentulum
647 1825 846 1878 desipere
880 1830 1086 1865 cerneret.
1122 1823 1155 1865 O
1181 1824 1519 1875 adolescentule,
1546 1823 1696 1876 inquit,
1725 1824 1867 1865 ebrius

372 1905 413 1937 te
448 1897 674 1938 seminavit
720 1902 854 1949 pater.
905 1895 1057 1936 Vinum
1091 1895 1221 1936 etiam
1266 1895 1502 1948 virginibus
1540 1908 1753 1936 venenum
1787 1901 1864 1936 est.

373 1967 496 2010 Unde
520 1969 579 2008 ita
603 1968 774 2021 scripsit
797 1967 1083 2020 Hieronymus
1107 1965 1163 2006 ad
1186 1967 1484 2007 Eustochium:
1516 1965 1687 2019 Sponsa
1711 1965 1867 2007 Christi

372 2041 513 2080 vinum
532 2039 670 2092 fugiat
692 2052 768 2092 pro
791 2051 973 2080 veneno.
998 2038 1117 2079 Haec
1140 2037 1350 2080 adversus
1374 2037 1714 2079 adulescentiam
1731 2038 1867 2091 prima

373 2124 491 2151 arma
524 2116 621 2151 sunt
654 2111 810 2152 vinum.
866 2110 960 2150 Non
995 2109 1055 2150 sic
1088 2109 1269 2150 avaritia
1303 2109 1452 2161 quatit,
1492 2108 1613 2149 inflat
1648 2109 1864 2163 superbia,

373 2182 562 2223 delectat
595 2182 782 2231 ambitio,
817 2181 944 2222 facile
978 2180 1073 2221 aliis
1108 2193 1303 2221 caremus
1330 2180 1457 2221 vitiis.
1491 2180 1569 2221 Hic
1592 2180 1729 2221 hostis
1751 2181 1865 2220 intus

374 2258 438 2294 est
471 2253 676 2303 inclusus,
711 2265 964 2304 quocunque
994 2251 1211 2305 pergimus
1235 2251 1457 2292 nobiscum
1477 2251 1691 2292 inimicum
1721 2258 1864 2305 porta-

373 2337 476 2365 mus.
522 2324 674 2364 Vinum
708 2330 750 2363 et
789 2323 1087 2364 adulescentia
1127 2322 1286 2375 duplex
1325 2322 1568 2363 incendium
1616 2322 1864 2376 voluptatis.

374 2395 485 2445 Quid
520 2396 658 2436 oleum
704 2394 903 2435 flammae
938 2392 1199 2435 adiicimus‘?
1249 2393 1360 2442 Quid
1399 2393 1567 2435 ardenti
1613 2393 1864 2447 corpusculo

372 2467 501 2519 ignea
544 2467 736 2507 fomenta
778 2464 1101 2507 ministramus?
1152 2465 1378 2505 Caeterum
1413 2465 1603 2512 obiicies,
1650 2472 1694 2505 ut
1727 2477 1864 2518 nuper

373 2538 494 2591 leges
516 2538 628 2578 latas
651 2537 786 2578 fnisse
808 2537 863 2578 ad
886 2538 1106 2578 mulierum
1140 2537 1292 2577 saltem
1315 2536 1629 2577 retundendam
1651 2536 1861 2589 intempe-

373 2609 554 2649 rantiam
598 2622 651 2649 ne
685 2608 828 2650 vinum
862 2609 1070 2655 biberent,
1119 2614 1160 2648 et
1194 2607 1348 2648 exinde
1386 2607 1686 2660 impudiciciae
1720 2613 1863 2647 notam

373 2681 650 2729 incurrerent,
697 2681 786 2721 sive
834 2679 887 2720 ad
934 2692 1158 2733 puerorum
1195 2678 1395 2719 tuendam
1428 2678 1733 2728 innocentiam,
1781 2690 1864 2718 non

375 2758 515 2792 antem
561 2751 754 2794 virorum.
803 2751 1026 2803 Tanquam
1059 2764 1159 2791 vero
1205 2750 1304 2791 viris
1343 2750 1412 2790 vel
1443 2749 1615 2802 impune
1661 2749 1787 2789 liceat
1820 2749 1863 2788 in

374 2822 527 2863 furiam
560 2823 643 2875 agi,
687 2829 726 2863 et
760 2821 845 2862 vini
879 2822 996 2862 abuti
1028 2821 1326 2874 temperantia,
1372 2821 1441 2862 vel
1474 2833 1627 2873 aquam
1660 2827 1864 2871 tanquam

376 2908 458 2935 non
492 2895 782 2935 necessariam
821 2891 921 2946 (qua
955 2899 1097 2934 tamen
1131 2893 1291 2933 nullum
1324 2892 1414 2932 fere
1443 2892 1701 2932 elementum
1733 2890 1862 2931 onmi-
