1919 3273
1524 97 1594 131 473

257 238 426 280 Credite
459 252 544 280 non
576 238 683 280 ludit
718 238 901 293 species,
936 239 1036 292 quin
1068 239 1212 281 indole
1246 240 1363 281 clara

316 307 495 350 Irradiat
527 310 659 351 virtus
693 310 868 364 saepius
902 316 1000 351 ante
1036 311 1158 351 diem.

257 379 405 429 Qualis
439 381 531 421 heri
562 381 686 422 nobis
720 381 951 431 Bekenius,
986 381 1158 434 optime,
1193 382 1309 423 visus

316 451 429 502 Piso,
465 452 558 504 quis
591 452 634 492 in
667 452 784 493 vultu
816 452 1131 505 luminibusque
1165 452 1330 494 decor?

257 521 392 571 Quem
413 536 497 563 non
519 529 604 563 tam
636 522 826 576 prudens
848 523 987 576 rapiat
1019 523 1235 574 facundia,
1260 538 1338 566 ceu
1362 537 1454 565 cum

315 593 529 647 Sparserit
562 593 765 634 hibernas
799 593 984 635 candida
1016 594 1166 635 bruma
1198 594 1318 636 nives
1334 594 1355 635 ἶ)

254 664 362 704 Tam
394 677 544 718 purum
578 664 754 705 sceleris
787 672 938 718 pectus
970 665 1053 705 iam
1088 666 1282 719 possidet
1315 667 1412 707 olim

315 734 433 775 Cana
465 734 586 785 fides,
620 748 751 775 verax
786 735 943 784 Suada,
978 736 1167 777 verenda
1199 737 1389 787 Themis,

254 806 439 859 Auspice
474 819 555 859 quo
587 806 742 847 iustum
776 807 901 847 nivea
936 820 1031 847 cum
1062 821 1170 861 pace
1204 809 1403 862 piumque

314 877 537 918 Florentes
572 883 762 918 statuent
794 878 981 929 undique
1014 879 1272 920 Pannonios.

700 1054 771 1094 Ad
803 1055 994 1097 eundem.

251 1161 435 1202 Donasti
466 1162 674 1204 inclusam
707 1163 823 1205 fulvo
857 1164 958 1204 mihi
990 1164 1182 1218 protinus
1216 1177 1318 1205 auro

313 1233 361 1274 In
393 1234 528 1286 primo
562 1248 772 1287 gemmam
805 1235 948 1275 limine
983 1235 1207 1276 amicitiae.

251 1304 306 1345 Et
339 1304 443 1346 dixti
477 1305 557 1346 hoc
590 1306 730 1347 animo
764 1306 840 1347 tibi
862 1320 943 1358 quo
968 1306 1132 1356 (lamus,
1167 1307 1314 1359 accipe
1335 1306 1441 1356 Veli,

310 1376 571 1429 Perpetuum
606 1383 647 1417 et
681 1377 795 1417 110811
827 1377 983 1430 pignus
1016 1377 1172 1417 amoris
1205 1376 1329 1417 habe.

250 1446 471 1500 Insculpta
504 1454 570 1488 est
602 1447 771 1488 niveum
806 1448 1029 1501 complexa
1062 1447 1263 1488 ardenter
1293 1448 1449 1489 olorem

309 1518 436 1559 Nuda
468 1518 629 1567 iacens,
664 1519 801 1571 ipsum
835 1518 956 1560 Leda
989 1526 1227 1571 tenensque
1260 1519 1416 1560 Iovem.

252 1589 376 1630 Unde
409 1590 503 1643 pios
536 1590 703 1644 peperit
736 1589 905 1640 fratres,
940 1590 1010 1642 qui
1043 1597 1237 1644 tempora
1268 1590 1382 1631 vitae

307 1661 458 1702 Partiti
492 1661 589 1701 (111111
624 1661 732 1701 alter
764 1661 865 1701 vivit
900 1668 941 1702 et
975 1662 1082 1702 alter
1115 1661 1215 1702 obit.

249 1732 427 1773 Talibus
461 1733 678 1786 auspiciis,
713 1732 902 1773 Bekenis
937 1732 1134 1782 candide,
1169 1740 1361 1774 sanctum

308 1803 516 1856 Pangitur
549 1810 753 1845 aeternae
787 1803 941 1844 foedus
975 1803 1199 1844 amicitiae.

248 1874 451 1916 Vivamus
483 1888 584 1917 vero
619 1876 678 1916 sic
711 1888 847 1926 usque
880 1875 922 1915 in
955 1887 1098 1915 amore
1132 1874 1304 1927 gemelli

309 1945 461 1986 Castor
493 1952 537 1987 ut
572 1952 613 1987 et
646 1946 778 1986 frater
811 1945 1000 1986 Castoris
1035 1944 1284 1986 Oebalidae.

100 2122 172 2163 Ad
188 2122 391 2175 optimmn
408 2123 558 2165 Virmn
574 2124 632 2165 D.
651 2123 892 2165 Enna-team
916 2121 1073 2163 (j'al‘nai
1087 2121 1269 2176 Reyz'zcm
1292 2120 1585 2163 *Socratem-imm.

385 2232 549 2272 Amabo
584 2232 742 2285 optime
778 2230 927 2271 Calnai
959 2243 1036 2283 per
1068 2242 1215 2270 omnes

386 2302 448 2342 Te
484 2302 589 2343 deos
622 2315 740 2354 rogo,
775 2315 851 2355 per
883 2308 979 2341 tuos
1013 2301 1186 2349 ocellos,

384 2372 493 2413 Nam
527 2372 627 2425 quid
661 2378 806 2413 noster
839 2372 927 2425 agit
960 2372 1114 2412 beatus
1146 2371 1217 2410 ille

384 2444 649 2485 Nadastinus
683 2450 725 2484 et
756 2443 826 2483 ille
860 2449 947 2483 tam
982 2441 1137 2482 suavis.

383 2515 455 2556 Vir
486 2515 758 2565 lectissimus,
794 2514 975 2567 optimus
1010 2510 1208 2553 sodalis?

386 2586 516 2627 Cuius
549 2600 659 2627 nunc
695 2599 821 2627 careo
855 2584 1112 2625 allocutione

385 2657 570 2699 Orbatus
605 2657 765 2699 salibus
799 2655 1053 2708 facetiisque

384 2728 488 2778 Quis
521 2735 617 2782 post
651 2729 763 2769 seria
795 2734 940 2779 totque
974 2732 1071 2779 post
1103 2725 1274 2766 labores

386 2800 520 2841 Curas
553 2799 772 2840 anxiferas
807 2805 847 2838 et
881 2797 1073 2838 actiones

385 2870 616 2911 Consvevit
649 2868 816 2923 lepidos
850 2868 962 2909 ciere
995 2867 1119 2918 risus,
