1898 3278
1543 155 1587 188 391

104 313 201 353 ego,
242 314 368 352 quam
401 312 576 353 gravem
610 312 802 340 somnum
836 297 980 347 habui,
1016 304 1057 338 et
1090 298 1247 351 optime
1282 303 1411 348 certe,
1457 297 1588 339 risum

106 370 287 412 movebo
309 370 638 424 spectatoribus,
662 369 802 411 vultis.
827 374 872 408 ut
894 367 1032 408 dicam
1057 368 1300 409 somnium?
1334 368 1411 410 sed
1435 368 1587 416 dicam,

104 440 422 482 cuniianiianl
456 439 767 487 defitescerenu
801 438 979 479 xddebar
1009 438 1334 480 lauth3fercufis
1363 439 1590 489 interesse,

107 524 367 563 musaeoque
391 510 553 564 stipari,
582 522 665 550 non
689 514 833 550 tamen
855 508 960 562 ipsis
984 508 1066 550 frui
1092 509 1298 562 potuisse,
1332 510 1588 559 venientem,

107 580 921 633 rnuhercuhun,inequelacessentenn
946 579 1590 632 etnescn)quo‹xnfiurafflonfi3

107 665 280 706 genere,
324 658 421 705 post
465 651 605 705 plagis
638 651 792 691 misere
826 649 1112 701 afficientem,
1159 657 1201 691 et
1234 651 1276 691 ni
1308 651 1446 703 fallor,
1492 652 1590 693 hem

107 723 342 772 dexteram,
377 736 504 775 quam
537 727 694 772 tumet;
729 721 807 762 sed
840 734 1014 773 quaeso,
1051 721 1242 773 quisquis
1278 735 1325 762 es
1352 722 1515 773 mulier,
1550 729 1591 763 et

109 806 219 846 quae
255 793 326 843 sis,
351 793 432 843 dic,
455 792 596 834 sodes.
630 791 740 833 VIG.
774 792 971 833 Nondum
995 791 1210 845 coepisti‘?
1243 791 1368 834 TOR.
1393 793 1483 834 Nec
1506 807 1592 835 me-

108 864 209 905 mini
241 863 425 916 quidem,
461 863 539 905 sed
571 863 675 913 scin,
711 876 784 904 cur
815 862 1017 915 inquiro‘?
1051 870 1108 914 ut,
1143 876 1237 903 cum
1265 862 1424 904 dixeris
1446 864 1591 905 sciam.

108 934 214 976 VIG.
261 934 535 988 Vigilantiam
580 947 664 975 non
703 933 850 975 nosti‘?
894 933 1016 974 TOR.
1062 934 1141 974 Ast
1173 947 1341 988 pereas,
1383 947 1491 986 quae
1525 948 1592 975 me

109 1005 391 1047 somniantem
424 1005 610 1058 vigilem,
657 1005 783 1046 vilem
815 1004 1048 1058 Vigilantia
1080 1004 1314 1046 reddidisti.
1365 1004 1468 1046 VIG.
1505 1005 1592 1046 Sed

107 1089 255 1118 eccam
289 1076 494 1117 Virtutem
527 1075 742 1117 dominam
775 1081 816 1116 et
847 1076 1054 1129 reginam,
1089 1076 1210 1117 salva
1238 1082 1282 1116 ut
1305 1075 1364 1117 sis
1392 1076 1488 1126 dea,
1514 1076 1594 1117 diis

110 1147 274 1201 suplico
299 1144 353 1200 (ἶ).
387 1147 605 1189 VIRTUS.
639 1148 691 1188 Et
714 1147 783 1188 tu!
818 1146 895 1188 sed
917 1146 1017 1199 quid
1040 1160 1230 1188 rumores
1253 1146 1359 1187 isti‘?
1393 1160 1593 1200 quorsum

110 1218 307 1268 eiulatus,
342 1231 447 1271 quos
471 1217 633 1259 editis‘?
667 1218 760 1259 Vah
784 1217 885 1270 quid
909 1217 1114 1272 Sphingis
1142 1224 1375 1259 monstrum
1406 1218 1489 1259 hue
1522 1218 1594 1259 ad-

108 1288 229 1331 duxti
260 1288 530 1342 Vigilantia?
562 1288 670 1330 VIG.
704 1289 938 1330 Monstrum
970 1289 1052 1330 hoc
1079 1289 1225 1330 mortis
1251 1289 1477 1339 aemulum,
1513 1302 1594 1342 ego

114 1366 188 1400 tua
211 1359 474 1414 pedissequa
497 1360 639 1401 missis
661 1360 919 1412 obsequens,
938 1360 1073 1401 refeci
1099 1359 1251 1401 denuo.
1279 1359 1425 1401 VIRT.
1452 1359 1594 1400 Probe

111 1430 218 1472 VIG.
264 1430 351 1472 Sed
384 1431 578 1481 obsecro,
612 1438 847 1472 monstrum
880 1430 974 1481 hoc,
1008 1444 1104 1472 mea
1135 1430 1292 1482 Virtus,
1337 1443 1390 1471 ne
1422 1431 1594 1484 impune

109 1508 317 1553 transeat,
341 1502 470 1543 iudex
492 1515 568 1556 pro
592 1502 792 1543 tribunali
813 1501 971 1543 asside.
1000 1502 1144 1542 VIRT.
1168 1502 1318 1543 Decet.
1342 1501 1470 1542 VIGI.
1494 1502 1597 1542 Pro-

108 1573 293 1627 ‚gredere
333 1573 463 1614 lamia
496 1579 539 1614 et
569 1573 690 1614 larva
722 1579 942 1622 nocturna,
988 1572 1266 1614 Endimeonis
1299 1570 1345 1626 (l)
1383 1572 1510 1613 heres
1545 1586 1599 1618 ex

111 1657 224 1685 asse.
247 1643 370 1685 TOR.
391 1643 601 1685 Obsecro!
626 1644 766 1684 VIRT.
789 1644 886 1686 Mea
908 1650 1052 1685 amata
1066 1668 1111 1671 —
1125 1644 1267 1685 Mitius
1282 1658 1380 1685 nam
1396 1643 1597 1685 emenda-

112 1714 237 1765 bitur,
272 1721 316 1755 ut
339 1728 464 1768 spero
489 1738 541 1742 -
564 1715 725 1756 accede
744 1715 751 1756 Ι
785 1715 1000 1756 Promittis
1032 1715 1359 1757 somnolentiam
1382 1727 1432 1756 ac
1455 1720 1596 1768 torpo-

112 1799 203 1827 rem
234 1785 277 1826 in
309 1792 527 1840 posterum
560 1799 645 1827 non
667 1792 831 1827 tantum
861 1786 1077 1828 sectarier.
1111 1785 1348 1827 TORPOR.
1381 1786 1597 1826 Promitto.

115 1856 314 1911 Spondes
361 1856 637 1910 ngflanfiani
688 1857 848 1898 nonfini
895 1858 971 1899 fibi
1018 1856 1149 1899 stne?
1202 1856 1328 1898 Tcssz.
1379 1856 1596 1910 Spondeo.

114 1927 256 1968 VIROEI
291 1927 1046 1982 Ganeanicnunflanlpofflfflabere?
1078 1927 1599 1981 TRJR.Ganean1crapu-

115 1998 199 2039 lam
222 1999 496 2053 posthabere.
530 2000 674 2040 VIRT.
698 1999 918 2048 Virtutem,
950 2000 1223 2053 Vigilantiam
1250 2012 1413 2040 summo
1443 2005 1599 2040 conatu

114 2068 306 2110 imitari?
338 2069 463 2112 TOR.
497 2070 718 2121 Virtutem,
754 2070 1028 2123 Vigilantiam
1062 2084 1225 2111 summo
1251 2076 1408 2112 conatu
1431 2069 1599 2119 imitari,

116 2154 193 2194 per
224 2141 596 2193 hocinunensunn
630 2141 861 2193 horfidunn
893 2141 1598 2195 sanguhunfiunn(ffuenmun‚gab

114 2211 252 2252 lorum
297 2212 618 2265 gallinaciorum
664 2213 871 2267 praelium
904 2212 1008 2254 iuro.
1061 2211 1281 2254 VIRTUS.
1318 2211 1600 2264 Omniumque

117 2288 339 2336 parentem
362 2283 569 2324 Virtutem
590 2297 738 2325 omnes
761 2283 1023 2338 spectabiles
1042 2289 1303 2337 spectantes,
1323 2282 1600 2324 veneratione

115 2354 258 2396 colite.
295 2354 584 2409 Spectatores‚
618 2355 677 2396 sic
710 2355 793 2396 itur
825 2354 880 2395 ad
915 2361 1044 2397 astra.

764 2495 956 2541 Τέλος.

1444 3002 1464 3035 05>

190 3011 218 3038 J.
239 3013 334 3039 Aut-:nt
359 3013 517 3039 ANALSCTA
539 3022 626 3040 NOVA.
