1919 3273
1489 102 1561 135 425

76 244 301 298 diligentia
322 245 461 286 minus
484 258 609 298 quam
642 244 900 286 liberalitate
934 244 988 286 de
1022 245 1203 287 obscuro
1236 246 1438 298 tenuique
1464 246 1562 288 1000

75 315 146 368 qui
166 322 416 356 nascentem
440 321 692 369 susceperat
713 315 756 355 in
779 316 965 368 aliquam
989 323 1103 358 certe
1127 317 1265 358 lucem
1289 316 1561 370 dignitatem-

75 399 157 438 que
190 386 317 427 nullis
353 386 462 427 adeo
496 386 578 426 nisi
601 386 844 427 ¹litterarum
878 386 1147 428 adminiculis
1180 388 1430 441 pervenisse
1462 401 1556 441 pro-

72 456 181 497 fiteri
224 457 308 497 iam
353 457 509 498 multos
556 469 690 498 annos
737 457 895 497 latinas
940 457 1154 499 Florentie
1198 458 1362 499 litteras
1401 471 1563 512 magna

74 525 204 580 (quod
249 526 445 568 omnibus
479 532 625 568 notum
659 526 741 578 est)
789 527 1052 569 celebritate.
1104 528 1191 570 Sed
1224 535 1265 569 et
1310 542 1463 582 grecas
1505 542 1561 569 ex

71 598 164 652 pari
210 611 303 639 cum
348 598 489 651 grecis
534 597 647 650 quod
691 598 837 638 nescio
883 611 936 638 an
970 598 1093 639 alteri
1125 599 1351 640 latinorum
1398 598 1558 649 (dicam

73 669 184 710 enim
219 666 441 722 audacter)
474 667 587 709 mille
622 668 790 709 circiter
823 681 958 709 annos
991 676 1090 710 ante
1124 670 1374 722 contigerit:
1415 670 1559 710 stilum

73 739 257 792 denique
285 739 347 780 sic
378 739 517 793 ipsum
556 752 633 793 per
666 739 808 780 omnia
839 752 949 792 pene
995 740 1268 781 materiarum
1307 739 1558 781 diverticula

71 810 245 852 duxisse
278 810 484 851 feliciter:
518 816 564 850 ut
597 808 728 862 (quod
762 810 969 851 erubesco
1004 823 1258 863 quamquam
1281 825 1392 865 pene
1425 817 1557 852 testa-

70 888 158 923 tum
191 879 366 933 referre)
399 887 576 923 cunctos
609 882 743 923 ferme
778 881 1017 934 quicunque
1049 881 1090 921 in
1124 881 1277 923 litteris
1311 888 1424 923 etate
1459 895 1556 922 mea

73 953 316 994 claruerunt
347 952 509 993 habere
542 952 765 993 meruerim
799 952 1059 994 laudatores.
1099 952 1237 1005 Atque
1271 952 1352 994 hec
1386 966 1467 1006 ego
1501 952 1560 993 de

69 1036 136 1064 me
169 1023 261 1064 Rex
304 1023 678 1076 indulgentissime
723 1036 833 1065 novo
880 1023 1044 1064 scilicet
1077 1029 1118 1064 et
1151 1022 1392 1076 periculoso
1438 1036 1557 1064 more

70 1095 379 1147 multorumque
424 1094 833 1148 reprehensionibus
882 1094 1064 1135 obnoxio
1117 1094 1364 1148 simpliciter
1410 1101 1556 1135 tamen

69 1165 191 1206 sedet
223 1179 348 1207 vere:
382 1178 463 1206 nec
496 1165 605 1206 enim
640 1164 721 1206 hoc
753 1165 835 1205 nisi
869 1170 911 1206 et
942 1164 1047 1205 illud
1081 1164 1135 1205 ad
1168 1171 1209 1205 te
1241 1164 1405 1206 scribo:
1441 1164 1554 1218 quod

68 1236 307 1277 deliberare
342 1249 484 1277 secum
519 1242 592 1276 tua
625 1236 838 1289 sapientia
869 1236 1085 1289 velutique
1118 1236 1385 1290 prescribere
1418 1235 1555 1289 possit

69 1307 211 1357 (modo
244 1320 329 1348 non
361 1307 442 1348 hec
475 1304 745 1361 aspernetur)
790 1307 862 1348 ubi
894 1320 971 1347 nos
1005 1307 1270 1361 potissimum
1316 1306 1479 1348 scilicet
1510 1306 1552 1347 in

68 1385 139 1419 tue
174 1391 293 1432 spem
327 1378 464 1431 gratie
497 1378 631 1419 nostri
665 1391 818 1419 nervos
846 1377 1008 1431 ingenii
1030 1377 1350 1420 contendamus.
1386 1377 1430 1419 Si
1453 1377 1556 1430 quid

66 1449 194 1502 igitur
224 1450 318 1503 ipse
350 1449 623 1490 mandaveris
657 1449 783 1490 obibo
815 1449 955 1490 libens
989 1449 1054 1489 sin
1087 1450 1225 1489 minus
1260 1449 1387 1490 etiam
1410 1456 1555 1489 tamen

67 1534 143 1574 pro
190 1520 347 1561 iudicio
395 1527 608 1574 captuque
653 1534 773 1561 meo:
818 1519 931 1572 quod
964 1520 1039 1561 tibi
1084 1520 1176 1561 fore
1216 1520 1396 1561 arbitrer
1428 1533 1553 1572 quam

68 1591 366 1644 gratissimum.
384 1590 686 1632 Bibliotlzecam
700 1591 816 1632 rideo
832 1590 918 1631 iam
926 1590 1097 1643 pridem
1112 1605 1330 1643 comparas
1348 1591 1557 1631 omnium:

67 1663 177 1703 sicut
224 1668 527 1716 expectamus:
574 1676 657 1703 non
692 1662 1007 1703 ornatissimum
1037 1660 1082 1715 (l)
1128 1663 1262 1703 solum
1308 1662 1386 1703 sed
1425 1662 1553 1702 etiam

68 1733 423 1787 copiosissimam.
475 1732 713 1774 Possumus
757 1732 892 1788 igitur
937 1733 1071 1774 multa
1116 1732 1170 1781 (si
1200 1746 1266 1774 res
1302 1733 1501 1785 postulet)
1535 1746 1559 1773 0

63 1818 212 1858 yraeeo
246 1808 400 1845 vertere
432 1803 478 1845 in
509 1803 693 1845 latinum
716 1803 801 1854 tibi,
837 1804 1054 1856 multaque
1087 1817 1253 1845 rursum
1287 1803 1410 1857 quasi
1442 1817 1555 1844 nova

68 1875 236 1917 cudere.
271 1874 392 1924 Quae
425 1889 505 1916 1100
539 1876 592 1916 ab
627 1875 804 1916 eruditis
841 1875 1020 1916 forsitan
1053 1880 1323 1929 respuantur.
1370 1873 1554 1928 Regyiam

67 1945 278 1987 construis
322 1946 435 1988 idem
479 1947 608 2000 longe
646 1946 1129 1999 magnificentissimam,
1173 1945 1396 1998 forumque
1435 1952 1552 1986 tuum

66 2016 338 2058 simulachris
371 2031 491 2058 omne
520 2031 658 2071 yemis
704 2017 764 2058 1·οΖ
796 2016 938 2058 aeneis
977 2017 1038 2057 rel
1069 2015 1316 2057 marmoreis
1355 2029 1550 2057 eoeornas.

34 2088 157 2129 'Nec
203 2094 345 2129 autem
391 2095 565 2129 cessant
616 2088 772 2141 ubique
820 2095 1024 2129 terrarum
1077 2087 1330 2128 nobilissimi
1370 2086 1557 2139 pictores·

68 2159 234 2200 tabulas
269 2159 343 2200 tibi
380 2159 693 2212 pulcherrimas
737 2158 842 2200 rivis
889 2159 1077 2199 animare
1112 2158 1335 2199 coloribus.
1384 2158 1437 2198 Et
1469 2157 1553 2197 ista

69 2243 170 2283 ergo
202 2243 431 2284 possumus
464 2237 506 2272 te
539 2230 714 2285 iubente
747 2244 831 2271 non
866 2228 1170 2271 erubescendis
1214 2229 1428 2269 illustrare
1461 2241 1551 2269 car-

66 2301 263 2343 minibus.
316 2301 405 2342 Iam
438 2302 553 2343 bella
599 2308 640 2342 et
685 2314 817 2355 paces
864 2300 1067 2341 mandare
1113 2300 1286 2341 victuris
1331 2299 1552 2351 utriusque

64 2371 237 2425 linguae
271 2372 555 2413 monumentis
590 2378 631 2413 et
664 2372 867 2413 historiae
900 2371 1015 2412 molli
1043 2370 1113 2411 filo
1137 2377 1365 2412 contexere
1387 2370 1552 2423 pridem

67 2442 304 2493 didicimus,
339 2449 427 2484 tum
459 2444 527 2484 vel
549 2443 727 2483 undanti
761 2443 926 2483 solutae
960 2442 1078 2482 vocis
1100 2441 1267 2493 eloquio
1294 2441 1363 2481 vel
1385 2441 1555 2481 immor-

64 2513 139 2553 tali
171 2527 386 2555 musarum
420 2520 547 2555 cantu
580 2521 711 2555 totam
747 2513 1039 2568 posteritatem
1075 2512 1207 2553 sacris
1227 2511 1404 2565 implere
1427 2524 1555 2565 prae-

66 2585 212 2625 coniis.
245 2585 354 2634 Quia
376 2585 675 2639 philosophiae
699 2585 811 2625 seria
834 2598 886 2625 ne
905 2583 1119 2624 defuerint
1141 2582 1328 2636 cupienti
1351 2581 1553 2634 milleque

65 2655 170 2696 iocis
202 2655 391 2696 taedium
437 2656 619 2697 subinde
652 2656 767 2696 mille
812 2654 1006 2709 profecto
1039 2653 1218 2707 argutiis
1256 2652 1551 2693 fefellerimus.

65 2724 157 2766 'Nec
190 2733 331 2767 autem
365 2726 538 2767 vendito
570 2727 654 2767 ista
673 2726 749 2767 tibi
770 2725 867 2766 dum
892 2725 952 2766 sic
974 2724 1125 2765 indico.
1158 2723 1248 2765 Nec
1271 2723 1373 2764 mihi
1400 2723 1552 2764 referri

68 2796 120 2836 ob
146 2809 198 2836 ea
218 2797 401 2849 gratiam
425 2810 595 2849 quaero.
630 2796 720 2838 Nec
743 2795 913 2837 abunde
935 2795 1112 2835 relatam
1140 2793 1314 2848 putabo,
1349 2794 1384 2834 si
1406 2794 1553 2847 placu-

66 2866 144 2907 erit
177 2880 230 2908 ex
261 2881 328 2908 me
361 2867 438 2908 tibi
470 2880 555 2908 non
589 2866 727 2907 dicam
760 2880 829 2907 res
861 2866 958 2919 ipsa
991 2865 1067 2906 sed
1101 2865 1279 2906 animus.
1320 2865 1374 2907 Ut
1407 2872 1550 2905 autem
