1919 3273
312 156 382 191 360

525 298 711 340 Numina
743 302 785 339 et
817 294 931 339 vasti
962 295 1139 338 faveant
1171 293 1387 349 profundi,

596 369 649 410 Et
681 374 833 423 putent
865 380 1012 421 regem
1036 367 1251 409 dominum
1283 370 1516 420 potentenu

396 453 441 486 35
597 440 645 481 In
678 440 791 494 polo,
826 445 940 480 terra
971 439 1216 493 pelagoque
1248 438 1335 478 lato

658 510 936 563 Oceanoque.

527 601 654 643 Forte
688 600 909 652 continget
942 599 1138 652 Solymos
1171 598 1227 640 ad
1259 610 1387 651 agros

599 672 680 723 Ire,
715 671 912 712 crudeles
944 670 1109 711 laniare
1143 669 1338 710 Turchos

599 743 654 784 Et
686 742 858 784 domum
892 747 1088 783 sanctam
1119 753 1328 782 renovare
1362 740 1496 781 sacris

399 827 444 860 40
659 814 717 855 Isi
749 813 919 867 pudica.

532 903 566 945 O
600 902 838 944 Phoroneis
873 901 1091 943 stabulata
1123 901 1248 942 tectis

608 974 834 1027 Cognitum
867 986 1024 1014 numen
1060 971 1277 1025 Solymum
1304 984 1381 1025 per
1413 983 1524 1021 aras,

608 1046 679 1089 Sic
711 1045 898 1086 Idumeis
930 1045 974 1085 in
1007 1044 1168 1085 honore
1201 1043 1312 1085 votis

665 1116 846 1158 Preside
881 1116 989 1158 diva.

403 1221 447 1254 45
534 1209 602 1249 Tu
633 1206 867 1248 Palestinis
901 1205 985 1247 dea
1015 1205 1130 1246 festa
1162 1203 1334 1258 templis

606 1278 820 1320 Graminis
854 1277 1069 1331 quondam
1102 1282 1310 1318 venerata
1341 1275 1451 1328 nigri

604 1350 814 1400 Nubibus,
849 1361 1015 1390 merces
1049 1361 1225 1403 operum
1258 1352 1423 1388 tuorum

665 1421 724 1462 Isi
756 1420 948 1475 profusa.

538 1511 596 1553 Isi
627 1523 839 1552 concusso
873 1508 1092 1551 celebrata
1126 1508 1251 1549 sistro

408 1594 453 1627 50
608 1582 843 1636 Explicans
876 1581 1019 1623 vultus
1053 1579 1228 1621 orientis
1262 1578 1397 1619 almos

610 1654 665 1695 Et
697 1653 789 1695 dies
823 1665 969 1694 sacros
1002 1651 1172 1706 populis
1211 1649 1377 1691 anhelis

671 1724 864 1766 Culmine
896 1724 1028 1766 fulvo.

542 1815 605 1857 Te
637 1814 767 1855 Phari
799 1813 905 1856 vidit
936 1811 1213 1854 memoranda
1245 1810 1402 1864 proles,

614 1887 675 1927 Te
709 1885 910 1940 paludosi
941 1883 1054 1925 vada
1086 1883 1216 1937 plena
1248 1881 1346 1931 Nili7

415 1970 459 2002 55
616 1958 670 1998 Et
702 1956 951 2011 Teraphnei
984 1955 1156 1997 soboles
1190 1953 1355 2007 Canopi

677 2028 822 2069 Thure
856 2027 1100 2081 superbam,

546 2117 697 2160 Invida
731 2124 772 2158 et
804 2117 1016 2170 Memphis
1049 2115 1249 2170 precibus
1282 2112 1448 2168 pudicis

618 2189 800 2243 Appidis
832 2188 1038 2241 templum
1070 2185 1227 2227 Veneri
1260 2184 1447 2226 dicatum

620 2260 870 2310 Possidens‚
905 2265 1044 2301 certos
1076 2269 1262 2299 renuens
1294 2255 1337 2296 in
1370 2267 1507 2295 annos

421 2342 465 2377 60
681 2331 887 2373 Crescere
920 2330 1097 2371 foetum.

552 2421 760 2462 Fontibus
792 2433 979 2461 mersum
1012 2418 1152 2460 subito
1186 2415 1402 2457 necabant

621 2491 742 2533 Aede
775 2491 948 2533 vulcani
979 2490 1154 2531 muliere
1188 2494 1366 2537 tantum,

621 2562 727 2604 Inde
761 2561 977 2604 ducebant
1010 2561 1138 2601 alium
1170 2564 1316 2599 tuente

683 2634 890 2675 Foemore
923 2645 1032 2673 raso.

425 2736 469 2769 65
556 2723 702 2766 Actias
735 2723 852 2763 novit
886 2721 1116 2774 Cleopatra
1146 2719 1288 2769 limen,

626 2794 853 2847 Mersaque
885 2792 1044 2834 blando
1078 2791 1157 2831 fuit
1189 2790 1231 2830 in
1264 2800 1431 2831 veneno

626 2866 757 2907 Italas
791 2864 912 2905 dives
944 2863 1116 2916 fugiens
1150 2861 1358 2902 cathenas

686 2936 894 2988 Victaque
929 2947 1106 2976 currum.
