1919 3273
1477 138 1546 172 483

210 282 469 324 Certandum
500 282 650 333 forma,
684 282 753 324 vel
785 282 821 323 si
853 282 1063 335 gravitate
1096 282 1263 334 fuisset,

268 353 347 394 Vel
380 353 490 395 comi
522 353 691 406 eloquio
726 358 949 394 stemmate
982 354 1052 395 vel
1083 355 1235 408 patrio,

209 424 395 465 Heroum
428 429 618 465 veterum
650 437 788 474 nemo,
822 437 948 465 nemo
980 424 1153 466 hercule
1186 427 1320 467 nostri

270 495 493 548 Temporis
527 500 626 535 ante
658 494 719 534 illi
745 494 843 548 jure
875 494 1080 537 ferendus
1114 502 1216 537 erat.

62 697 101 737 p.
123 682 193 725 43.
236 682 461 724 Valentino
493 683 657 736 Zepsz‘o,
692 684 942 738 Praeposito
974 684 1207 727 Eurstensz·
1237 686 1366 728 Jocm.
1406 687 1547 742 Lcmy.

347 789 488 831 Castis
521 789 722 843 moribus,
756 791 992 832 eruditione

345 860 464 912 Mira,
498 861 705 914 religione
740 863 966 914 sanctiore,

346 931 515 985 Mysten
548 932 616 973 hic
649 933 834 974 tumulus
868 933 985 976 fovet
1017 934 1256 976 Valentem.

450 1135 490 1174 p.
520 1120 588 1163 44.
621 1120 789 1163 Eidem.
832 1122 992 1164 Valent.
1026 1123 1169 1165 Eeehi.

212 1227 294 1277 Qui
326 1227 420 1279 sita,
453 1228 800 1281 Vespremiisque
835 1229 900 1270 sui
922 1243 1078 1283 magno
1105 1230 1222 1271 auxit
1244 1231 1406 1273 honore

270 1299 452 1352 Templa
484 1299 735 1340 Valentinus
768 1299 963 1341 conditur
994 1300 1077 1342 hoc
1109 1302 1282 1343 tumulo.

213 1369 399 1411 Consilio
432 1370 496 1411 vir
527 1371 787 1424 praeclarus,
822 1371 889 1412 cui
921 1384 1091 1425 semper
1122 1372 1291 1413 honesti

270 1440 469 1483 Justitiae
504 1448 546 1482 et
578 1441 679 1483 fidei
710 1442 894 1483 maxima
927 1456 1028 1483 cura
1060 1442 1151 1484 fuit.

214 1511 349 1561 Quem
382 1513 511 1554 coluit
543 1513 759 1566 princeps,
794 1526 917 1565 quem
951 1514 1234 1555 cancellarius
1266 1515 1359 1569 ipse

270 1583 457 1624 Primum
488 1584 599 1625 inter
632 1584 795 1625 scribas
824 1583 1015 1637 jusserat
1048 1597 1145 1626 esse
1179 1597 1292 1627 suos.

66 1816 342 1854 Adrianus
379 1817 561 1863 Volph
573 1816 735 1852 ardus
775 1816 1165 1863 Transsylvanus‚
1204 1817 1555 1855 Protonotarius

65 1882 362 1929 Apostolious
379 1882 654 1919 Reverendo
674 1882 865 1918 Domino
885 1881 1104 1918 Udalrioo
1121 1882 1340 1925 Budensi,
1360 1883 1551 1920 Custodi

68 1949 114 1984 et
140 1947 375 1985 Canonico
402 1947 598 1984 Albensi
625 1946 1074 1994 Transsylvaniensi,
1101 1957 1204 1983 raro
1232 1948 1380 1984 amico
1408 1948 1447 1984 S.
1476 1948 1551 1984 D.²

186 2092 195 2100 .
219 2090 228 2099 .
250 2090 259 2100 .
280 2058 550 2109 Plutarchus,
574 2063 787 2099 tantarum
810 2057 1036 2098 utilitatum
1059 2057 1271 2098 humanae
1290 2058 1404 2099 vitae
1427 2058 1552 2100 ratio-

66 2142 164 2170 nem
196 2128 376 2181 habens,
411 2141 692 2182 quaecunque
725 2135 872 2169 nostra
916 2128 1126 2169 interesse
1160 2129 1338 2182 putavit,
1386 2129 1554 2171 duobus

65 2199 224 2241 libellis
269 2201 517 2254 complexus
553 2205 631 2250 est,
678 2212 784 2251 quos
818 2213 842 2239 a
874 2199 1034 2240 Ioanne
1079 2199 1301 2240 Pannonio
1340 2200 1551 2241 latinitate

68 2271 264 2322 donatos,
282 2271 360 2312 tibi
378 2271 576 2313 Udalrice
599 2270 832 2320 carissime,
851 2270 1097 2311 nominatim
1116 2283 1376 2324 nuncupare,
1397 2271 1555 2312 veteris

68 2348 241 2383 nostrae
285 2342 619 2384 necessitudinis
664 2341 903 2382 recordatio
949 2341 1119 2381 hortata
1153 2348 1242 2390 est;
1290 2347 1332 2382 et
1365 2341 1477 2394 quod
1509 2348 1554 2382 tu

68 2413 218 2454 horum
251 2414 416 2468 copiam
461 2411 565 2454 mihi
596 2413 756 2467 primus
795 2412 949 2463 fecisti,
984 2417 1029 2452 tu
1061 2418 1105 2452 ut
1139 2411 1192 2452 ab
1226 2412 1441 2453 hominum
1481 2411 1555 2453 ob-

68 2484 224 2526 livione
259 2491 300 2525 et
334 2485 503 2525 silentio
547 2484 879 2533 vindicarentur,
913 2482 1175 2535 efflagitasti.
1221 2483 1365 2524 Taceo
1402 2482 1556 2536 quibus

70 2555 221 2597 officiis
254 2569 320 2597 me
354 2555 611 2606 devinxeris,
646 2568 729 2608 qua
761 2554 1064 2596 benevolentia
1087 2567 1112 2594 a
1135 2566 1267 2607 puero
1300 2558 1556 2607 prosecutus

70 2626 143 2678 sis,
177 2639 262 2679 qua
293 2626 377 2668 fide
409 2627 452 2667 in
487 2627 686 2677 amicitia,
719 2625 843 2667 bonis
875 2624 980 2665 inita
1002 2624 1219 2677 auspiciis,
1253 2624 1555 2677 permanseris,

71 2710 196 2749 quam
235 2697 524 2751 integritatem
564 2711 667 2752 prae
706 2703 748 2738 te
789 2709 957 2749 semper
995 2695 1155 2736 tuleris.
1203 2694 1307 2744 Quis
1344 2698 1387 2735 in
1420 2701 1461 2736 te
1493 2694 1556 2735 in-

190 2859 200 2879 1
240 2860 348 2895 Ianus
385 2860 671 2895 Pannoniusnak
707 2857 987 2893 Plutarchosbol
1025 2856 1064 2891 es
1104 2858 1436 2893 Demosthenesbtil
1473 2857 1555 2893 valo

71 2919 263 2954 sorditasai
290 2920 457 2962 1522-iki,
484 2920 658 2964 bolognai
682 2918 911 2953 kiadasanak
937 2915 1097 2962 elejero'l.

1345 2989 1411 3022 31*
