1955 3278
337 92 410 127 258

337 461 407 496 330

337 816 409 850 335

341 1172 413 1206 340

341 1529 411 1563 345

346 1884 416 1919 350

347 2241 418 2275 355

350 2597 421 2631 360

457 236 666 278 Continue
700 236 856 278 nostris
891 235 1134 290 decerpitur
1167 235 1353 288 undique
1387 235 1527 277 metis.

519 308 736 358 Quottidie
769 313 942 349 nostrae
977 307 1265 349 dilacerantur
1297 319 1416 361 opes.

457 380 545 420 Iam
578 379 752 420 nimium
785 377 928 432 gelido
961 384 1121 419 terrore
1156 379 1428 431 pavescimus
1462 391 1625 429 omnes,

517 449 865 503 Languescitque
899 463 1005 504 puer
1038 449 1225 490 Thurcia
1245 446 1288 502 (l)
1322 449 1446 501 signa
1479 448 1643 492 videns.

456 522 521 562 Ex
554 521 733 575 propriis
766 521 972 562 trahimur
1002 520 1164 561 laribus
1199 519 1466 573 patimurque
1500 521 1639 563 coacti

517 592 713 643 Exilium,
750 598 791 633 et
825 591 938 633 dulci
970 591 1167 645 pellimur
1200 604 1222 631 e
1256 590 1407 645 patria.

459 663 617 705 Nescio
651 663 752 716 quid
785 663 991 715 reliquum
1025 663 1138 703 volui
1170 662 1351 703 recitare
1385 662 1593 704 molestus

516 735 624 776 Nam
658 748 780 775 mens
813 747 897 774 non
931 733 1122 774 meminit
1155 746 1288 774 caeca
1322 733 1467 774 dolore
1502 734 1653 788 magis.

458 807 512 847 Et
545 806 665 847 dolor
696 805 947 846 immodicus
981 804 1155 845 memori
1188 803 1266 845 sub
1300 811 1441 845 mente
1474 811 1686 859 repostus,

518 877 656 918 Flexit
690 877 743 917 ab
777 877 940 917 intento
974 875 1142 916 tramite
1176 888 1331 928 nempe
1366 876 1520 917 stilum.

458 948 544 990 Vos
576 954 720 989 tamen
754 947 946 988 Antistes
969 946 1134 988 Thoma
1168 952 1296 999 atque
1329 946 1523 987 Emerice
1547 946 1745 998 Perenni,

518 1021 570 1060 Et
604 1032 710 1072 quos
745 1026 843 1059 ante
879 1018 971 1059 dies
1006 1017 1175 1059 sustulit
1208 1017 1314 1058 hora
1346 1017 1504 1069 brevis,

459 1091 546 1132 Vos
581 1091 680 1144 quia
712 1103 824 1131 nunc
858 1090 1024 1130 alacres
1059 1089 1298 1143 superastis
1332 1088 1470 1129 tristia
1504 1088 1632 1138 bella,

522 1162 718 1203 Foelices
751 1161 854 1202 fecit
886 1174 998 1202 mors
1032 1160 1220 1201 violenta
1252 1160 1390 1201 nimis.

463 1233 508 1275 Si
541 1246 619 1275 uos
652 1233 888 1274 incolumes
922 1237 1140 1273 servasset
1171 1231 1371 1286 Juppiter
1404 1230 1567 1281 ambos,

521 1305 718 1346 Forsitan
750 1304 792 1344 in
826 1316 973 1357 regno,
1006 1316 1216 1356 prospera
1249 1308 1404 1343 cuncta
1436 1302 1587 1343 forent.

462 1376 609 1417 Hostis
642 1389 727 1417 non
761 1388 903 1417 arcem
936 1375 1083 1416 forsan
1117 1374 1306 1428 cepisset
1339 1386 1523 1424 amarus,

523 1446 707 1502 Oppida⁷
741 1460 821 1488 nec
854 1452 996 1488 castra
1030 1445 1292 1500 depopulata
1325 1444 1477 1486 forent.

464 1518 573 1560 Nam
606 1531 684 1560 uos
717 1517 875 1560 divitiis
908 1517 1105 1558 dominus
1138 1516 1419 1558 decoraverat
1452 1515 1607 1570 ample.

526 1589 717 1639 Actibus,
750 1589 938 1642 ingenio,
973 1588 1238 1641 consilioque
1272 1586 1406 1641 gravi.

464 1661 541 1701 Est
573 1668 716 1701 tamen
750 1661 942 1702 Antistes
974 1672 1121 1701 rursus
1154 1657 1429 1701 venerandus
1462 1658 1657 1712 aperte‚'¹

524 1732 668 1773 Gloria
700 1732 834 1773 nativi
866 1744 1053 1785 spesque
1088 1731 1291 1783 salusque
1325 1730 1417 1771 soli.

467 1804 715 1845 Pannoniae
748 1803 908 1857 primas
940 1802 1108 1844 validus
1142 1802 1354 1854 roburque
1388 1814 1592 1855 perenne„

526 1875 656 1916 Cuius
691 1874 868 1916 consilio
902 1874 1018 1915 curia
1053 1880 1140 1914 tota
1174 1873 1304 1915 favet.

469 1946 551 1996 Qui
584 1947 745 2000 gaudet
777 1952 900 1999 grato
935 1958 1152 1987 servorum
1187 1944 1315 1986 corde
1350 1957 1535 1993 suorum,

528 2018 657 2059 Cuius
692 2031 816 2072 opem
850 2017 978 2058 sentit
1011 2016 1150 2071 patria
1183 2016 1307 2057 turba
1340 2016 1478 2056 nimis.

469 2088 551 2138 Qui
583 2095 703 2131 curat
737 2088 897 2142 patrios
931 2088 1108 2128 multum
1141 2087 1346 2128 decorare
1380 2093 1575 2140 penates„

527 2160 732 2209 Numinis,
768 2159 946 2200 consilio
979 2159 1203 2212 relligione
1238 2171 1374 2199 sacra.

470 2231 551 2281 Qui
584 2231 741 2272 excitat
775 2230 949 2271 assidue
983 2236 1160 2271 cunctos
1194 2228 1249 2270 ad
1281 2228 1396 2270 bella
1429 2227 1629 2282 superba,

528 2302 731 2343 Militibus
764 2302 958 2343 tribuens
990 2301 1182 2355 praemia
1214 2301 1336 2354 larga
1369 2299 1471 2350 suis,

469 2375 752 2426 Armatasque
787 2386 863 2415 suo
897 2373 1034 2414 firmat
1069 2385 1264 2413 sermone
1299 2378 1510 2420 catervas,

533 2445 670 2486 Cedat
702 2451 746 2486 ut
782 2444 947 2486 exuviis
982 2457 1090 2497 gens
1123 2442 1295 2484 inimica
1332 2442 1432 2483 suis.

474 2515 555 2566 Qui
587 2516 795 2570 prodesse
829 2516 943 2569 cupit
977 2515 1150 2569 populo,
1184 2526 1404 2568 regnoque
1436 2511 1613 2562 labanti,

534 2588 760 2629 Subiectos
793 2586 965 2641 placida
998 2585 1140 2627 vivere
1174 2598 1282 2639 pace
1318 2584 1429 2625 sinit.

473 2659 551 2700 Hic
584 2658 724 2700 ovium
758 2671 925 2699 sacrum
960 2656 1148 2711 prudens
1182 2656 1428 2710 speculator
1460 2653 1655 2705 habetur,

530 2730 594 2771 Ne
628 2730 709 2771 sibi
742 2730 1012 2770 commissum
1046 2727 1186 2768 turbet
1218 2727 1328 2768 ovile
1362 2726 1501 2780 lupus,

475 2881 483 2901 ¹
514 2880 637 2925 aperfe
665 2882 705 2914 A.
