1898 3278
1544 153 1589 185 25

631 328 806 382 Grylli&
838 327 1081 370 Parasitus.

230 447 302 488 Dii
345 447 618 495 immortales,
664 459 790 498 quam
838 459 964 497 nunc,
1011 446 1146 487 omnis
1182 460 1356 501 prorsus
1395 448 1596 489 alienatis

113 525 179 560 est
210 517 397 559 moribus
440 518 655 568 iuventus,
696 516 828 570 pudet
861 530 973 557 nunc
1019 517 1145 557 etiam
1193 531 1394 559 exercere
1427 518 1598 560 histrio·

111 590 239 640 niam,
271 588 331 629 ita
352 588 493 629 nullus
527 587 650 629 adest
676 593 883 640 quaestus
911 587 1199 629 histrionicus.
1236 588 1433 630 Summus
1456 590 1591 641 iocus,

112 672 278 701 summa
308 658 471 712 ineptia
491 658 673 709 desiere,
708 658 922 699 foenerari
944 658 1255 711 foeneratores,
1290 673 1365 713 pro
1395 661 1594 714 sapiente

112 730 290 783 quisque
323 728 555 770 morionem
588 728 736 781 agitat,
783 729 889 782 proh
923 728 1040 770 ciues
1073 729 1361 771 Athenienses
1406 737 1592 772 vestram

110 801 288 854 imploro
319 799 460 850 fidem,
490 798 702 850 fiduciam,
737 812 787 840 ac
811 813 936 852 quam
960 800 1044 841 iam
1066 799 1138 841 diu
1160 801 1358 842 tenuistis
1389 802 1593 855 sospitem

108 870 415 925 rempublicam
448 870 490 911 in
523 883 600 912 vos
632 870 750 924 ipsos
786 883 870 911 11011
902 870 1087 924 pedibus
1133 872 1211 912 sed
1244 872 1419 914 consilio
1453 873 1595 925 gradi-

109 942 225 992 mini,
259 954 458 994 quorsum
490 954 602 981 nunc
634 940 812 983 iuvenes
847 941 976 983 decor
998 943 1177 995 patriae,
1203 956 1403 994 quorsum
1424 943 1596 985 indoles⁴

109 1012 223 1053 bona
265 1018 430 1053 morata
462 1011 665 1064 moribus,
710 1012 882 1053 inversa
926 1025 1216 1066 perversaque
1264 1014 1402 1054 cernis
1437 1014 1595 1066 omnia⁷

110 1082 322 1135 quondam
352 1082 628 1124 histrionibus
661 1082 875 1123 (labantur
907 1084 1034 1135 auris,
1069 1084 1404 1135 auscultabatur,
1439 1085 1474 1125 si
1498 1085 1591 1137 quis

109 1152 214 1195 civis
253 1153 418 1194 Atticus
451 1159 627 1206 gnatum
660 1154 862 1194 maiorem
895 1160 998 1195 natu
1031 1154 1224 1206 haberet,
1257 1155 1367 1197 forte
1403 1156 1591 1207 fortuitu,

110 1237 192 1275 me,
216 1237 296 1265 3110
320 1221 365 1277 (1)
385 1223 393 1243 ¹
429 1237 454 1265 a
480 1237 620 1265 meum
641 1230 895 1278 prognatum
929 1238 1102 1278 genere,
1124 1226 1297 1278 vitaque
1327 1227 1591 1268 victitantem

108 1294 373 1345 attendebat,
419 1295 512 1336 infit
555 1296 629 1337 ubi
672 1295 749 1336 tibi
795 1295 968 1337 coena?
1012 1296 1215 1337 vacilanti
1263 1310 1360 1339 mox
1392 1298 1477 1349 1110,
1523 1312 1594 1339 1110

109 1378 302 1417 sequere,
352 1371 394 1407 et
437 1379 491 1407 ne
523 1366 566 1407 id
600 1366 770 1419 quidem
807 1367 859 1408 ob
906 1367 1064 1419 luxum,
1108 1381 1256 1409 verum
1303 1382 1384 1421 quo
1428 1369 1591 1410 lassum

108 1435 263 1489 studio,
299 1449 400 1477 cura
430 1438 492 1478 rei
524 1437 673 1489 civilis,
720 1451 796 1478 3011
830 1438 980 1490 quovis
1014 1438 1098 1479 alio
1132 1439 1262 1479 animi
1296 1446 1369 1480 aut
1402 1440 1593 1494 corporis

109 1507 324 1559 exercitio,
358 1508 544 1549 animum
577 1508 751 1550 tandem
784 1509 949 1550 lusibus
983 1510 1140 1551 nostris
1166 1510 1437 1552 refocillaret.
1468 1511 1593 1552 Nunc

108 1591 201 1619 cum
235 1592 403 1620 omnem
435 1585 621 1620 aetatem
644 1580 784 1633 cogito
808 1593 1019 1633 nusquam
1042 1580 1226 1623 fiduciae
1246 1587 1362 1623 tutus
1384 1589 1450 1623 est
1471 1583 1593 1623 locus

110 1663 245 1701 meae,
292 1662 491 1703 quorsum
535 1650 664 1704 igitur
708 1664 773 1692 me
812 1651 1017 1705 recipiam
1050 1652 1190 1704 modo,
1237 1665 1404 1705 nequeo
1450 1654 1591 1695 locum

109 1720 238 1761 ullum
285 1721 608 1772 comminiscier,
655 1727 698 1762 at
736 1722 906 1763 memini
945 1735 1091 1763 senem
1137 1723 1249 1764 hunc
1294 1724 1445 1777 priscis
1491 1737 1589 1765 con-

110 1791 243 1832 scium
285 1792 514 1846 aggrediar
557 1792 745 1834 moribus
791 1793 827 1834 si
860 1793 962 1845 quid
1007 1793 1174 1846 saltem,
1223 1801 1265 1835 ut
1298 1794 1438 1845 credo,
1474 1795 1589 1848 apud

109 1875 203 1903 eum
236 1868 438 1915 veterem,
480 1870 671 1905 veterum
712 1865 916 1905 manserit
948 1865 1221 1917 reliquiarum
1255 1872 1297 1907 et
1330 1867 1423 1919 quis
1457 1867 1590 1908 hasce

108 1933 246 1987 aperit
290 1933 454 1975 sedes?
501 1935 676 1988 Inquam
723 1948 905 1988 propere
950 1949 1027 1977 vos
1072 1949 1148 1977 vos
1193 1937 1302 1978 ultro
1342 1951 1363 1978 e
1403 1938 1590 1991 pessulis

106 2010 276 2046 movete
308 2004 437 2057 fores,
471 2006 513 2046 ni
544 2018 621 2047 vos
667 2006 782 2047 mala
814 2019 882 2047 res
916 2007 1065 2060 agitat,
1113 2007 1250 2049 donec
1283 2008 1396 2049 hunc
1439 2008 1590 2049 admit-

107 2074 207 2115 tatis
239 2075 428 2129 lepidum
462 2077 694 2130 parasitum
729 2077 1021 2130 confringam:
1056 2078 1215 2120 bellule
1249 2079 1459 2120 admittite
1497 2086 1588 2120 tan-

107 2145 216 2196 dem,
252 2159 303 2186 en
337 2147 524 2198 Basium,
560 2147 617 2188 dii
638 2161 715 2190 vos
743 2161 891 2189 omnes
924 2149 1152 2202 pessularii
1173 2149 1357 2191 Postarii
1390 2151 1588 2191 Portarii—

107 2230 188 2269 que
208 2223 307 2271 post
329 2218 441 2260 hunc
469 2218 594 2271 diem,
618 2220 814 2273 perdant,
835 2220 892 2260 nil
917 2233 1067 2271 moror,
1102 2221 1276 2263 tandem
1309 2221 1463 2263 videbo
1488 2221 1589 2274 quid

106 2288 259 2340 genius
293 2288 435 2330 domui
467 2290 566 2331 huic
600 2291 838 2332 contulerit.

482 2454 711 2497 Clearchus
745 2460 781 2497 et
813 2455 1050 2497 Haliarcus
1082 2471 1213 2499 301103.

222 2573 326 2613 Rem
350 2572 535 2614 divinam
566 2575 729 2628 peregi,
752 2575 926 2628 placare
952 2575 1056 2616 deos
1080 2589 1145 2616 me
1169 2590 1298 2630 posse
1333 2577 1585 2629 arbitrabar,

104 2656 211 2695 quos
255 2643 383 2697 plane
426 2644 579 2698 impios
622 2645 665 2685 in
698 2659 765 2686 me
798 2645 880 2686 hac
913 2645 982 2686 die
1021 2647 1151 2698 sensi,
1197 2661 1422 2700 namquem
1456 2649 1586 2701 paulo

105 2720 203 2754 ante
236 2727 398 2755 mecum
433 2714 592 2756 adduxi
612 2715 726 2756 hunc
759 2716 927 2756 unicum
951 2716 1175 2770 deperdidi
1198 2725 1386 2771 gnatum,
1417 2732 1585 2760 omnem

104 2783 294 2825 discurro
341 2785 561 2826 suburram
604 2786 808 2828 basilicas
858 2792 1035 2828 cunctas
1088 2789 1312 2841 perlustro,
1364 2790 1397 2830 si
1446 2803 1583 2831 meum

222 2934 232 2954 ¹
258 2935 356 2969 talan
371 2948 378 2970 ;
406 2939 477 2970 aut.
