1898 3278
260 128 328 162 10ss

468 272 674 313 Humanis
709 270 861 313 studiis
893 272 1149 314 rhetoricum
1183 273 1340 314 bonum

466 350 621 397 Aptum
654 341 904 397 legitimas}
936 344 1106 386 tradere
1138 344 1316 396 litteras,

467 414 548 464 Qui
578 414 769 467 linguam
802 415 945 456 valeat
977 416 1137 469 pellere
1172 416 1410 458 barbaram.

466 486 698 527 Hortantur
731 486 897 540 capiam
930 487 1016 528 tale
1050 487 1268 540 negotium

466 557 807 610 Promittuntque
841 557 943 598 mihi
976 558 1166 611 praemia
1197 559 1382 599 maxima

466 627 778 681 Affirmantque
811 628 930 670 brevi
962 642 1028 669 me
1061 629 1152 670 fore
1187 629 1392 671 divitem.
1420 665 1426 671 .
1453 664 1459 671 .

467 700 708 740 Fontanina
741 706 858 741 vetat
890 700 1020 741 insita
1054 700 1229 753 pectori,

468 770 588 819 Quae
622 770 707 811 fixa
739 777 804 812 est
838 771 977 812 animo
1012 778 1053 812 et
1086 771 1323 813 visceribus
1357 772 1477 814 meis.

465 841 707 884 Fontanina
740 842 855 893 facit,
893 848 935 883 ut
968 855 1163 883 maneam
1197 842 1335 893 domi;

466 914 497 954 F
502 914 707 955 ontanina
738 914 855 965 facit,
890 920 934 954 ut
969 914 1129 967 patrios
1162 914 1275 955 lares

466 984 673 1025 Desertos
708 984 880 1038 fugiens
913 985 1106 1038 linquere
1140 985 1324 1039 cogitem
1348 1019 1356 1026 .
1381 1019 1416 1026 ..

256 1169 459 1204 Ioannes
495 1167 773 1214 Capellanus
807 1168 955 1205 Aldus
980 1168 1304 1205 Manutiushoz
1330 1168 1527 1206 intezett
1551 1171 1713 1208 levele.
1732 1173 1745 1191 ²

378 1279 540 1334 Scripsi
572 1280 657 1321 iam
691 1280 856 1335 pridem
890 1280 945 1322 ad
981 1289 1034 1332 te,
1074 1280 1137 1322 vir
1169 1279 1429 1332 doctissime,
1465 1281 1517 1322 de
1552 1281 1745 1324 86161116-

257 1351 362 1392 sime
395 1352 544 1404 regine
577 1358 722 1394 nostre
754 1353 797 1393 in
829 1353 1041 1408 hungaria
1073 1352 1348 1406 susceptione
1380 1365 1474 1393 cum
1504 1353 1745 1394 nominibus

258 1422 524 1475 quorundam
556 1423 758 1464 librorum
793 1437 1016 1477 grecorum
1050 1424 1121 1478 qui
1153 1423 1273 1464 multi
1305 1429 1403 1464 sunt
1435 1424 1478 1464 in
1513 1437 1564 1465 ea
1596 1424 1746 1468 biblio-

257 1493 385 1535 theca
409 1508 535 1547 quam
554 1494 1007 1548 magnificentissimus
1024 1510 1099 1537 rex
1116 1495 1301 1536 Mathias
1321 1495 1418 1536 olim
1438 1501 1744 1537 construxerat.

257 1564 425 1618 Regina
457 1572 604 1607 nostra
637 1567 795 1620 optime
829 1568 943 1609 valet
974 1573 1016 1609 et
1048 1567 1161 1620 quod
1184 1566 1411 1620 plurimum
1437 1572 1479 1608 te
1513 1566 1746 1608 delectabit

255 1635 341 1676 iam
373 1636 416 1677 in
450 1650 502 1678 ea
535 1637 588 1678 de
616 1638 897 1692 conceptione
919 1652 1078 1692 magna
1100 1643 1311 1692 apparent
1331 1638 1501 1688 indicia,
1533 1637 1648 1691 quod
1670 1638 1747 1680 toti

256 1719 390 1760 regno
414 1708 618 1761 gaudium
640 1709 891 1751 incredibile
915 1711 1063 1764 pariet.
1096 1710 1262 1751 Tantus
1285 1711 1396 1751 inter
1419 1723 1512 1751 eam
1536 1716 1577 1750 et
1599 1722 1747 1763 regem

256 1784 427 1819 mutuus
470 1786 535 1821 est
569 1793 699 1831 amor,
746 1786 791 1822 ut
823 1781 1117 1822 vehementior
1161 1795 1258 1823 esse
1304 1794 1389 1822 non
1421 1781 1570 1835 possit,
1610 1780 1669 1822 ita
1702 1787 1747 1821 ut

256 1856 435 1903 uterque
481 1851 651 1892 felicem
698 1865 745 1893 se
778 1865 854 1906 pro
901 1859 1014 1893 sorte
1060 1865 1137 1893 sua
1182 1858 1364 1906 reputet,
1413 1858 1563 1904 estque
1602 1851 1745 1893 multis

256 1922 521 1975 principibus
566 1936 702 1975 usque
748 1923 858 1965 adeo
904 1930 1028 1977 grata
1072 1930 1117 1964 ut
1161 1924 1297 1977 magis
1342 1923 1492 1977 regina
1536 1922 1745 1976 hungarie

256 1994 373 2034 nulla
405 1993 533 2035 fuerit
565 2008 752 2047 unquam
773 1995 833 2036 ita
855 2001 899 2035 ut
922 2001 1012 2036 tota
1044 1995 1256 2047 hungaria
1289 2000 1422 2035 meret
1454 1994 1595 2048 potius
1619 2006 1745 2047 quam

254 2065 366 2106 inter
394 2078 468 2107 eos
501 2064 772 2119 (quocunque
794 2066 965 2107 fortuna
988 2064 1142 2120 vertat)
1164 2066 1325 2118 aliquid
1348 2065 1604 2107 incommodi
1626 2071 1745 2118 pate-

256 2143 381 2177 retur.
429 2137 541 2191 Sepe
587 2138 778 2178 meminit
810 2137 863 2179 de
898 2144 959 2179 tot
991 2137 1207 2190 tantisque
1252 2137 1487 2178 honoribus
1526 2150 1552 2177 a
1584 2136 1745 2189 magni-

256 2207 545 2249 ficentissimis
577 2209 745 2251 venetis
779 2209 918 2250 eidem
952 2209 1166 2259 exhibitis,
1199 2222 1376 2261 quorum
1408 2221 1493 2250 non
1526 2209 1746 2249 immemor

256 2279 336 2320 erit
369 2280 569 2332 quamdiu
614 2280 743 2322 vivet.
794 2280 1164 2330 Quemadmodum
1208 2279 1250 2320 in
1283 2280 1378 2321 aliis
1422 2279 1575 2320 litteris
1615 2277 1670 2319 ad
1702 2283 1743 2318 te

256 2351 409 2405 scripsi
453 2351 592 2393 redire
626 2358 723 2405 post
756 2351 938 2393 hiemem
984 2352 1156 2393 decrevi
1189 2358 1230 2392 et
1262 2351 1372 2392 inter
1403 2349 1670 2392 redeundum
1702 2355 1743 2390 te

256 2422 453 2471 visitabo,
499 2429 600 2464 tunc
634 2435 802 2475 quoque
837 2422 889 2463 de
923 2423 1051 2464 rebus
1085 2422 1281 2463 omnibus
1326 2422 1454 2462 latius
1488 2427 1744 2462 commenta·

256 2494 407 2535 bimus.
442 2494 611 2535 Etenim
644 2494 713 2535 hic
746 2494 861 2534 nulla
895 2500 961 2535 est
993 2493 1097 2534 mihi
1130 2506 1225 2534 cum
1248 2493 1454 2546 hungaris
1477 2490 1742 2533 consuetudo

256 2578 336 2606 1166
370 2565 457 2605 ulla
490 2565 591 2605 mihi
625 2578 722 2606 esse
755 2571 900 2619 potest
932 2578 1026 2606 cum
1065 2565 1127 2605 eis
1160 2564 1203 2605 in
1236 2564 1359 2605 bonis
1397 2563 1550 2604 litteris
1584 2562 1743 2604 exerci-

255 2635 372 2688 tatio,
397 2636 542 2689 itaque
571 2637 825 2688 quantocius
858 2642 1006 2690 potero
1036 2635 1190 2676 reditui
1212 2649 1279 2676 me
1304 2635 1543 2689 disponam.
1577 2633 1743 2686 Regina

253 2708 339 2749 iam
372 2708 546 2749 multum
581 2708 762 2761 profecit
794 2708 835 2748 in
863 2708 995 2748 latino
1030 2719 1240 2753 sermone,
1266 2719 1348 2759 que
1384 2719 1430 2747 se
1464 2718 1588 2758 quam
1615 2704 1743 2758 pluri—

376 2859 385 2879 1
415 2859 629 2904 leyiphzimas
656 2869 726 2892 van
754 2869 774 2892 a
800 2859 999 2892 codexben.
1044 2857 1055 2875 ²⁷
1083 2857 1181 2891 Ezen
1208 2856 1413 2901 autograph
1439 2854 1535 2890 level
1562 2866 1581 2889 a
1608 2855 1741 2889 Biblio-

254 2919 361 2954 theca
381 2919 625 2953 Ambrosiana
642 2918 678 2951 E
696 2918 812 2952 230inf,
830 2918 906 2962 jelti
927 2915 1139 2952 codexenek
1159 2916 1309 2950 hetedik
1328 2914 1529 2950 ko'teteben
1547 2914 1740 2949 talaltatik.
