1955 3278
1487 101 1554 134 195

76 247 241 300 eligans
275 244 319 299 (!)
354 246 408 287 sit
451 245 578 287 facile
612 259 664 287 ea
708 245 913 286 attentius
956 246 1069 287 lecta
1104 245 1336 287 diiudicare
1380 245 1555 299 poteris.

75 317 193 367 Vale,
214 317 395 359 aedibus
418 317 589 360 nostris.
622 316 815 358 Viennae
839 316 1048 358 Austriae.
1078 316 1159 357 XII
1181 316 1335 358 Kalen.
1360 315 1556 369 Augusti.

75 388 197 429 Anno
230 388 425 429 MDVIII.

97 578 101 582 ·
135 561 355 597 Iohannis
390 560 610 597 Gai-zonis
637 560 783 596 oratio
812 559 1022 596 funebris
1051 560 1106 596 de
1133 560 1260 607 Rege
1294 560 1495 597 Matthia

700 625 911 662 Corvino.
928 626 938 646 1

195 764 404 773 .......
433 730 598 771 Vellem
631 730 778 784 optimi
809 730 1026 784 principes
1061 743 1112 771 ea
1157 730 1259 770 mihi
1292 730 1462 772 dicendi
1494 731 1558 772 vis

77 808 217 844 esset:
264 814 347 854 qua
379 813 549 855 possem
584 801 716 854 Regis
749 801 954 841 Matthiae
993 799 1193 842 laudibus
1226 814 1373 854 parem
1407 802 1558 842 oratio-

75 886 173 914 nem
206 872 372 914 afferre.
420 872 517 913 Non
550 872 660 912 enim
694 871 819 913 video
852 871 924 912 ubi
957 871 1153 924 dignius:
1194 872 1265 912 ubi
1297 873 1559 926 prestantius

75 957 172 986 mea
215 943 378 984 versari
421 949 571 997 posset
615 942 762 984 oratio.
815 942 882 983 Me
915 949 1058 983 autem
1104 942 1246 984 dicere
1284 943 1558 997 incipientem

74 1014 178 1056 illud
211 1014 359 1068 procul
392 1013 521 1055 dubio
554 1013 777 1067 perturbat
809 1026 860 1054 ac
892 1020 1048 1055 terret:
1083 1013 1197 1066 quod
1230 1028 1282 1055 ea
1305 1014 1560 1068 explicanda

77 1092 197 1127 sunt:
245 1098 353 1138 quae
387 1085 520 1126 virum
566 1085 841 1138 expostulant
872 1085 914 1125 in
948 1084 1061 1125 omni
1093 1085 1366 1126 scientiarum
1400 1099 1559 1139 genere

76 1162 378 1211 praestantem.
430 1155 587 1196 Fateor
634 1161 720 1196 tam
774 1155 1010 1197 officiosam
1058 1156 1320 1209 provinciam
1372 1157 1559 1198 humeris

77 1227 183 1269 meis
216 1228 435 1281 imparem.

193 1298 349 1339 Verum
382 1298 472 1339 his:
508 1298 578 1350 qui
611 1297 724 1351 apud
757 1312 823 1339 me
857 1298 1109 1340 auctoritate
1143 1305 1323 1353 possunt
1349 1300 1558 1341 6111011111-

76 1375 164 1412 tate
211 1369 535 1422 obsequendum
569 1369 681 1410 duxi.
729 1369 934 1410 Nimirum
969 1383 1077 1422 quae
1123 1370 1213 1410 Rex
1245 1371 1380 1424 gessit
1426 1371 1559 1412 deleri

76 1441 289 1484 oblivione
313 1453 393 1482 nec
415 1446 596 1494 possunt
628 1454 708 1482 nec
732 1440 903 1483 debent.
937 1441 1063 1482 Haud
1091 1441 1349 1482 mediocrem
1372 1448 1413 1483 et
1436 1443 1560 1484 nobis

77 1520 119 1554 et
149 1512 345 1566 religioni
389 1512 650 1553 christianae
695 1512 900 1553 iacturam
940 1512 1031 1553 eius
1065 1512 1206 1553 obitus
1244 1513 1395 1554 attulit.
1444 1513 1560 1554 Nun-

77 1598 202 1637 quam
235 1583 428 1637 profecto
462 1590 655 1624 naturam
688 1583 824 1637 ipsam
860 1584 1032 1637 explere
1067 1584 1266 1625 satietate
1289 1585 1461 1626 vivendi
1484 1599 1561 1638 pro

78 1654 289 1697 communi
334 1654 515 1695 utilitate
549 1654 708 1696 debuit.
758 1654 871 1695 Pace
906 1661 1141 1696 ceterorum
1187 1669 1345 1708 regum¹
1369 1655 1558 1696 dixerim.

78 1726 212 1768 Nemo
245 1738 430 1778 unquam
464 1725 632 1767 hostem
666 1725 918 1766 barbarum:
961 1725 1177 1766 crudelem
1212 1734 1252 1767 et
1285 1726 1560 1767 christianum

79 1796 331 1850 sanguinem
367 1796 592 1837 Sitientem
625 1803 686 1838 tot
716 1810 768 1838 ac
793 1797 923 1837 tantis
945 1796 1140 1838 cladibus
1161 1797 1316 1838 affecit.
1352 1797 1438 1838 Sed
1462 1811 1561 1850 quo-

79 1869 192 1909 niam
238 1867 299 1909 sic
340 1867 431 1909 fata
465 1868 651 1908 tulerunt
683 1874 728 1908 ut
760 1874 847 1908 tam
892 1869 1124 1922 praecipuo
1159 1875 1201 1909 et
1236 1869 1441 1922 singulari
1484 1869 1562 1910 rei-

78 1938 276 1993 publicae
337 1938 607 1980 Christianae
652 1938 882 1981 defensore
916 1931 1210 1993 ‘spoliaremur
1262 1940 1427 1981 institui
1471 1940 1562 1981 eius

78 2015 203 2063 gesta
247 2009 483 2062 laudesque
524 2010 644 2051 brevi
682 2011 873 2051 oratione
921 2011 1160 2064 complecti.
1207 2011 1293 2052 Vos
1338 2018 1383 2052 ut
1422 2011 1562 2053 facitis

79 2094 212 2134 queso
258 2081 488 2134 diligenter
532 2081 753 2122 attendite.
806 2081 861 2123 Ut
908 2081 1154 2123 Latislaus:
1202 2082 1273 2135 qui.
1319 2082 1562 2136 pannoniae

78 2152 317 2206 imperabat
363 2157 404 2193 et
436 2152 625 2193 Mesia-e:
672 2153 869 2205 Pragae:
918 2166 1027 2205 quae
1075 2153 1166 2194 eius
1210 2153 1399 2206 regionis
1435 2163 1563 2208 caput

80 2223 246 2264 existit:
280 2236 446 2264 veneno
481 2223 674 2264 sublatus
699 2230 788 2264 est:
823 2223 1035 2277 Pannonij
1070 2224 1292 2278 Principes
1314 2225 1561 2266 Matthiam:

81 2293 147 2334 cui
179 2293 363 2334 Ioannes
396 2293 591 2335 Vaivoda
623 2307 781 2347 parens
807 2294 972 2335 fuerat:
1007 2308 1090 2335 una
1114 2308 1219 2336 voce
1244 2309 1325 2336 11110
1351 2308 1564 2337 consensu

80 2377 163 2405 uno
197 2377 268 2405 ore
302 2364 464 2417 Regem
498 2372 706 2406 crearunt.
751 2365 799 2405 Id
832 2365 1085 2407 Fredericus
1118 2366 1267 2407 tertius
1302 2366 1490 2420 graviter
1524 2373 1564 2407 et

77 2435 221 2488 iniquo
252 2435 397 2476 ferens
430 2436 571 2477 animo
605 2433 718 2488 (nam
752 2436 942 2477 Latislao
976 2437 1080 2477 nulli
1113 2437 1283 2479 fuerant
1312 2437 1434 2478 liberi
1458 2450 1561 2478 suae

81 2506 194 2547 vitae
229 2505 499 2559 superstites)
546 2507 771 2548 confestim
819 2507 1050 2548 exercitum
1096 2508 1304 2549 adversus
1344 2508 1565 2549 Matthiam

80 2577 289 2619 instruxit.
323 2577 399 2618 His
425 2578 631 2630 quoniam
655 2578 1045 2619 robustissimorum
1067 2592 1118 2620 ac
1151 2580 1563 2633 pugnacissimorum

202 2704 211 2723 ¹
252 2705 285 2738 A
313 2704 401 2739 cod.
428 2705 519 2739 Bibl.
549 2705 710 2739 Univers.
738 2705 967 2739 Bononensis
1000 2705 1077 2739 742.
1106 2705 1169 2740 fol.
1196 2706 1379 2740 85¹1—922*-
1424 2697 1519 2740 Abel
1548 2718 1565 2740 a

83 2762 286 2799 beszedbc'il
325 2765 415 2799 csak
452 2765 577 2799 harom
614 2764 716 2808 lapot
754 2765 909 2809 hagyott
947 2764 1060 2805 hatra,
1100 2765 1196 2809 mely
1234 2766 1397 2800 csonkan
1437 2765 1520 2809 adja
1548 2776 1565 2798 3

82 2821 268 2857 beszedet.
296 2813 349 2857 En
375 2824 615 2869 Bolognaban
641 2824 923 2858 lemasoltattam
951 2834 992 2857 az
1021 2822 1180 2868 egeszet.
1208 2824 1257 2859 Le
1284 2825 1314 2859 is
1340 2825 1567 2858 forditottam

84 2879 123 2915 es
150 2881 395 2917 kozzetettem
423 2893 464 2916 33
492 2883 757 2917 Irodalomto'rt.
784 2880 1061 2926 Ko'zlemenyck
1088 2883 1245 2917 1902-iki
1273 2883 1519 2928 folyamaban.

1355 2955 1422 2987 125*
