1919 3273
350 123 419 157 438

351 267 432 308 nisi
466 265 637 320 penitus
671 265 859 308 adeundi
907 267 1095 309 facultas
1128 267 1360 322 prebeatur
1401 281 1482 321 quo
1516 269 1630 310 circa
1663 269 1747 311 alia
1778 270 1852 313 via

352 337 580 380 dicendum
604 351 701 379 esse
726 351 899 380 censeo.
934 339 1157 393 Disposito
1178 339 1323 392 itaque
1346 339 1627 382 instrumento
1650 347 1696 381 ut
1718 342 1847 395 paulo

352 415 451 450 ante
484 408 688 450 monitum
723 415 790 450 est
824 423 916 451 zmo
950 423 987 463 q.
1022 410 1167 463 nigros
1201 424 1278 464 per
1308 410 1499 452 tabulam
1534 411 1675 452 elicito
1708 418 1846 454 trans-

350 480 447 521 fer'
437 493 576 534 111311111
604 480 931 522 instrumentum
959 481 1201 522 rectissime
1232 481 1442 523 remocius
1471 488 1544 523 aut
1564 483 1848 536 propinquius

352 551 407 592 ad
424 564 513 592 rem
530 551 861 592 mensurandam
877 552 1191 605 quemadmodo
1207 550 1231 607 (.
1238 550 1251 606 )
1270 552 1379 594 loci
1370 553 1505 607 ipsius
1524 553 1630 595 situs
1652 561 1725 595 aut
1748 567 1847 596 con-

352 622 461 664 dicio
494 622 712 677 permittat
735 636 872 676 eoque
905 622 988 665 fixo
1022 638 1106 665 non
1141 637 1266 666 secus
1289 631 1418 677 atque
1440 622 1593 678 nm(
1609 624 1849 681 numerum)

351 694 514 747 nigrum
553 694 749 748 superius
783 704 885 736 anta
916 696 958 736 la
988 693 1042 749 (5²)
1077 708 1196 736 sume
1241 695 1360 736 cuius
1394 702 1436 736 et
1469 709 1597 750 supra
1643 697 1743 738 dicti
1774 711 1846 739 nm

352 764 423 819 (Σ
447 764 685 819 11111116111111)
719 752 839 808 (116ῖο
859 766 870 787 ¹
903 773 1002 807 tene
1039 780 1210 819 nanque
1243 766 1521 821 intercapedo
1549 767 1726 809 duarum
1760 776 1845 811 sta-

350 837 510 878 tionum
544 836 816 879 suffixionum
861 837 1131 879 instrumenti
1163 837 1464 891 proceritatem
1500 839 1710 892 quesitam
1744 853 1845 893 quo-

352 907 469 950 ciens
505 914 740 949 memorata
771 922 1042 950 numerorum
1076 895 1194 950 drffm
1228 908 1435 950 unitatem
1469 911 1716 952 continebit.

468 979 561 1020 Etsi
593 979 891 1021 huiuscemodi
922 994 1195 1022 numerorum
1228 966 1349 1023 drain
1380 981 1515 1022 utrius
1556 995 1699 1023 60111111
1746 995 1848 1023 con-

350 1049 497 1091 tuleris
529 1050 753 1104 longitudo
798 1051 1016 1093 interstitii
1049 1053 1297 1094 alterutram
1344 1053 1578 1094 stacionem
1613 1060 1655 1094 et
1686 1053 1846 1107 pedem

350 1123 412 1163 rei
431 1122 718 1164 mensurande
742 1122 1053 1177 intercipientis
1071 1124 1187 1165 haud
1204 1137 1417 1177 quaquam
1435 1124 1598 1166 latebit.
1628 1123 1846 1174 Quociens

351 1195 462 1235 enim
498 1194 575 1235 (116
607 1192 743 1236 111321
772 1208 856 1236 11110
878 1193 1160 1249 (—numero)
1183 1196 1250 1237 0111
1273 1195 1489 1237 confertur
1510 1195 1647 1237 extitit
1677 1196 1845 1237 tociens

349 1265 628 1320 intercapedo
648 1265 824 1307 duarum
844 1266 1075 1308 stationum
1094 1267 1137 1307 in
1153 1280 1205 1308 ea
1221 1267 1489 1320 longitudine
1504 1267 1742 1320 reperietur
1761 1280 1844 1320 que

349 1337 450 1391 pedi
482 1338 750 1391 proceritatis
774 1345 816 1379 et
841 1338 1006 1380 stacion
1029 1352 1249 1380 numerum
1274 1325 1375 1380 tlem
1393 1337 1591 1392 prebenti
1618 1338 1844 1380 interiacet

348 1408 430 1450 hec
463 1409 605 1450 omnia
636 1409 875 1464 procedunt
908 1397 995 1464 csu³
1032 1411 1180 1463 regule
1214 1409 1440 1464 gnomonis
1474 1409 1516 1450 in
1549 1416 1728 1462 utraque
1757 1417 1844 1451 sta-

349 1479 508 1520 tionum
543 1481 668 1522 lateri
709 1482 933 1533 gnomonis
973 1481 1103 1522 stanti
1138 1481 1342 1523 adnititur
1380 1493 1507 1534 quam
1549 1481 1585 1522 si
1617 1480 1844 1523 adherebit

348 1551 473 1592 lateri
498 1552 657 1593 iacenti
680 1538 758 1594 dra
779 1566 1047 1594 numerorum
1069 1553 1287 1606 nigrorum
1311 1552 1472 1593 utervis
1498 1565 1642 1594 eorum
1661 1552 1844 1593 collecte

348 1623 540 1665 notificat
573 1624 685 1677 quod
720 1631 785 1665 est
816 1625 928 1665 inter
961 1624 1188 1665 stationem
1223 1637 1304 1677 que
1350 1637 1450 1664 num
1488 1610 1592 1665 tlem
1624 1622 1766 1664 reddit
1800 1628 1843 1664 et

347 1681 449 1736 {lem
481 1695 753 1749 proceritatis
786 1695 1002 1736 metiende
1034 1695 1348 1748 quemadmodo
1381 1695 1424 1736 in
1452 1708 1556 1737 casu
1577 1694 1843 1749 precedente

347 1766 596 1807 monuimus.
645 1766 737 1808 Hoc
770 1766 941 1808 demum
979 1767 1205 1809 intervallo
1238 1767 1454 1808 mediante
1488 1780 1565 1820 per
1603 1764 1692 1809 3-m
1725 1765 1840 1819 capi-

347 1838 481 1878 tulum
499 1851 737 1891 cognosces
761 1838 1026 1879 altitudinem
1051 1838 1115 1880 rei
1136 1838 1435 1880 mensurande.
1462 1837 1679 1891 Contingit
1697 1843 1842 1878 autem

347 1922 653 1962 nonnunquam
675 1916 720 1951 ut
743 1907 816 1964 [im
839 1912 1053 1963 sorvegen
1073 1922 1141 1950 om
1154 1907 1190 1964 ‘?]
1216 1908 1292 1951 al&
1316 1910 1486 1962 quidem
1512 1894 1665 1950 stacbffl
1689 1908 1844 1962 regula.

347 1980 572 2033 gnomonis
604 1981 730 2022 lateri
763 1981 894 2022 stanti
924 1981 1141 2022 adnitatur
1172 1981 1215 2021 in
1246 1981 1383 2022 altera
1411 1994 1513 2022 vero
1536 1980 1661 2021 lateri
1682 1979 1843 2021 iacenti

348 2052 462 2104 quod
501 2038 587 2106 qii4
632 2052 801 2094 accidet
847 2065 1029 2094 necesse
1077 2052 1155 2093 erit
1187 2053 1298 2093 inter
1328 2052 1448 2106 ipsas
1494 2052 1711 2092 staciones
1748 2050 1841 2092 dari

346 2129 506 2177 puncta
536 2124 579 2164 in
613 2137 696 2177 quo
731 2124 766 2165 si
810 2123 954 2165 fixeris
993 2124 1321 2165 instrumentum
1367 2129 1408 2168 et
1453 2123 1739 2164 summitatem
1777 2122 1844 2163 rei

347 2195 634 2236 mensurande
667 2208 744 2249 per
777 2194 987 2236 foramina
1021 2195 1271 2249 speculatus
1304 2194 1437 2236 fueris
1469 2195 1621 2247 regula
1664 2206 1838 2247 gnomo-

346 2279 444 2306 nem
478 2279 599 2307 suum
632 2279 709 2319 per
741 2280 851 2319 equa
884 2266 1100 2320 parcietur
1133 2279 1184 2308 ac
1216 2267 1412 2319 utrinque
1448 2264 1563 2308 1200
1604 2265 1841 2319 particulas

347 2336 556 2378 absumet.
603 2323 670 2378 ‘fili
689 2335 704 2359 5
736 2337 866 2390 igitur
897 2337 980 2379 situ
1013 2337 1154 2378 medio
1185 2337 1319 2378 utaris
1357 2350 1434 2390 pro
1469 2337 1606 2390 prima
1638 2336 1839 2387 statione,

347 2407 583 2449 secundam
616 2415 758 2449 autem
792 2408 929 2461 eligas
954 2422 1007 2449 ex
1030 2408 1197 2449 duabus
1221 2408 1476 2449 stationibus
1511 2394 1619 2449 alica
1643 2405 1840 2459 (antea'P)

345 2478 473 2521 factis
500 2479 801 2521 'distantiorem
829 2480 1031 2522 videlicet
1054 2494 1079 2520 a
1098 2480 1211 2534 pede
1234 2480 1505 2535 proceritatis
1534 2477 1837 2520 mensurande.

346 2550 528 2603 Reliqua
571 2564 671 2593 vero
705 2557 750 2593 ut
783 2553 980 2605 superius
1015 2551 1246 2593 efficienda
1280 2559 1390 2593 sunt.
1439 2551 1585 2592 Facile
1618 2557 1837 2604 postremo

346 2622 581 2675 proceritas
615 2623 746 2664 monti
779 2623 849 2665 vel
870 2623 1030 2664 tumido
1054 2621 1099 2676 (1)
1134 2623 1301 2676 cupiam
1322 2623 1527 2664 insistens
1549 2620 1840 2663 declarabitur

347 2693 382 2734 si
416 2693 503 2734 suis
550 2694 602 2735 de
647 2694 771 2748 pedis
813 2694 877 2735 sui
916 2681 984 2735 dm
1030 2707 1130 2736 vero
1176 2694 1329 2748 capitis
1371 2707 1394 2734 a
1430 2693 1520 2735 solo
1565 2699 1710 2734 nostro
1743 2705 1836 2746 per-

345 2764 636 2817 pendicularis
670 2765 910 2806 sublimitas
944 2779 996 2806 ex
1024 2772 1153 2807 antea
1186 2765 1310 2807 dictis
1332 2765 1582 2807 constiterit.
1617 2763 1700 2805 Ubi
1723 2763 1837 2804 enim

467 2914 477 2934 ¹
505 2916 710 2950 directam?
761 2915 773 2934 2
800 2916 895 2950 talis.
946 2916 1011 2935 ³-⁴
1039 2926 1158 2960 quum.
1213 2915 1224 2935 ⁵
1250 2932 1295 2943 ζ
1321 2916 1415 2950 tali?
