1955 3278
1502 119 1567 152 185

84 266 190 307 Inde
237 265 362 306 etiam
409 270 487 311 est,
531 262 643 316 quod
689 275 812 303 omne
858 275 995 315 genus
1041 263 1192 311 carnis,
1242 261 1354 315 quod
1386 263 1428 303 in
1460 269 1573 304 terra
1589 270 1653 301 Cur
1669 272 1772 309 pisces

84 342 292 385 versatur,
326 341 409 376 tam
445 333 754 387 quadrupedia,
789 346 914 384 quam
949 346 1066 380 aves,
1101 334 1141 374 in
1165 333 1334 375 ieiuniis
1366 348 1451 375 non
1471 334 1570 375 licet
1588 324 1618 353 ³¹¹
1642 324 1770 354 ieiuniis

84 406 322 448 comedere.
373 405 522 446 Pisces
556 417 669 455 vero,
715 404 815 444 licet
860 416 953 443 cum
986 410 1128 445 tamen
1164 410 1206 445 et
1236 405 1296 445 illi
1336 418 1434 445 caro
1469 405 1565 456 sint,
1604 385 1755 464 θᾱῖζῗζω

85 477 163 518 sed
200 477 242 517 in
277 489 387 528 aqua
432 475 628 516 nobiliori
669 473 881 516 elemento
926 474 1133 516 viventes.
1187 476 1330 517 Taceo
1376 476 1488 529 quod
1521 476 1649 515 incum
1673 485 1784 513 tamen

82 548 219 590 veteri
251 548 348 599 lege
383 559 459 600 per
491 559 626 598 aquas
666 545 919 586 adulterium
964 545 1242 586 foeminarum
1288 547 1569 600 plectebatur,
1594 544 1668 564 car«,
1691 536 1764 565 sint.

81 619 125 660 in
179 632 285 671 quas
338 631 414 671 per
461 617 711 658 sacerdotes
759 617 900 657 omnia
948 616 1177 658 maledicta
1227 619 1571 671 congerebantur

83 689 390 739 amaritudinis,
426 694 555 741 utque
588 701 666 741 per
698 701 772 728 eas
806 687 1002 728 dominus
1034 688 1070 729 is
1104 688 1302 729 adulterii
1326 689 1569 742 suspicione

83 761 338 802 constitutas
370 760 411 800 in
445 758 789 800 maledictionem
823 758 957 809 daret,
1002 765 1043 799 et
1075 759 1366 812 putrefaceret
1409 760 1570 801 femora

80 832 261 881 illarum,
311 844 363 871 ne
411 830 594 871 fructum
643 829 803 870 habere
854 836 1044 883 possent,
1094 836 1217 883 prout
1266 837 1330 871 est
1376 830 1419 870 111
1463 830 1569 871 libro

81 902 375 943 Numerorum.
409 902 655 952 Praetereo,
690 900 803 953 quod
836 900 1030 942 Christus
1063 900 1258 942 dominus
1291 902 1333 942 in
1366 901 1569 942 mundum

82 987 167 1015 non
199 974 241 1014 in
274 973 385 1023 vino,
421 972 498 1013 sed
530 972 573 1012 in
606 985 718 1024 aqua
750 972 866 1013 venit
900 979 941 1012 et
975 973 1197 1025 sanguine,
1237 972 1349 1025 quod
1382 973 1423 1013 in
1458 986 1570 1024 aqua

81 1045 260 1086 salutari
292 1051 333 1085 et
366 1044 531 1097 gratiae
564 1043 694 1097 plena
733 1043 872 1084 sanati
906 1057 1064 1095 sumus,
1099 1050 1141 1084 et
1174 1058 1198 1084 a
1231 1050 1363 1085 morte
1397 1056 1447 1084 ac
1480 1043 1567 1084 dia-

82 1115 223 1157 bolica
267 1121 482 1169 potestate
517 1115 665 1168 erepti.
715 1115 794 1155 Illa
825 1115 997 1167 inquam
1044 1128 1156 1167 aqua
1189 1115 1241 1156 de
1276 1114 1568 1156 sacratissimo

79 1186 239 1228 Christi
290 1187 424 1228 latere
478 1186 692 1240 passionis
745 1186 1010 1227 amarissime
1065 1187 1253 1227 emanuit
1304 1187 1345 1226 in
1400 1186 1566 1239 signum

80 1258 241 1299 lavacri
286 1258 638 1311 regenerationis.
694 1257 840 1298 Habes
889 1257 999 1298 enim
1045 1257 1159 1311 apud
1206 1258 1410 1298 Ioannem
1458 1269 1567 1297 unus

80 1329 259 1369 militum
291 1329 403 1369 latus
437 1329 529 1370 eius
556 1329 711 1370 lancea
733 1328 913 1382 aperuit,
948 1336 989 1369 et
1013 1329 1212 1369 continuo
1237 1328 1367 1369 exivit
1389 1328 1567 1381 sanguis

80 1406 124 1441 et
156 1413 281 1453 aqua,
326 1413 410 1441 non
444 1406 586 1441 autem
620 1400 772 1441 vinum.
826 1400 936 1440 Audi
968 1400 1078 1440 ultra
1122 1400 1205 1440 ista
1239 1406 1281 1440 et
1312 1399 1406 1447 hoc,
1453 1399 1565 1451 quod

80 1472 209 1512 etiam
254 1471 541 1512 testimonium
587 1471 776 1524 martyrii
821 1484 933 1523 aqua
977 1470 1215 1524 perhibeat,
1263 1470 1375 1523 quod
1423 1470 1567 1511 vinum

77 1542 224 1584 facere
270 1555 354 1584 non
398 1548 552 1596 potest.
604 1542 657 1582 Et
690 1542 725 1583 si
757 1542 799 1582 111
845 1555 895 1583 eo
928 1542 1029 1583 mihi
1075 1541 1200 1582 fidem
1242 1541 1448 1583 adhibere
1482 1554 1565 1582 non

76 1613 229 1665 audes,
275 1613 394 1666 Lege
439 1613 647 1654 Bernardi
681 1626 914 1660 sermones,
947 1611 1032 1654 'ubi
1065 1613 1303 1667 comperies
1343 1612 1455 1666 quod
1488 1626 1565 1667 pro

79 1698 146 1726 me
192 1684 309 1726 facit.
363 1684 535 1725 Fratres
580 1685 715 1737 inquit
757 1691 801 1725 ut
846 1684 996 1725 fideles
1043 1697 1119 1725 nos
1159 1684 1444 1738 praebeamus
1484 1684 1565 1725 deo

78 1761 223 1796 nostro
257 1756 292 1796 si
324 1756 613 1797 testimonium
659 1756 881 1809 sanguinis
920 1770 1003 1797 non
1042 1755 1264 1807 habemus,
1311 1767 1566 1808 quaeramus

78 1827 148 1868 vel
180 1827 468 1868 testimonium
501 1840 654 1879 aquae,
690 1832 732 1868 et
764 1840 817 1868 ne
844 1827 983 1882 ipsum
1017 1826 1186 1879 quidem
1211 1827 1422 1881 despiciet
1445 1826 1565 1868 deus.

78 1898 187 1939 Tres
219 1904 316 1938 sunt
350 1898 420 1951 qui
452 1898 740 1939 testimonium
774 1898 877 1939 dant
909 1899 951 1939 in
984 1905 1109 1948 terra,
1156 1898 1342 1952 spiritus,
1390 1897 1566 1951 sanguis

79 1975 122 2010 et
148 1982 272 2022 aqua.
306 1969 443 2020 Beati,
479 1969 632 2022 quibus
657 1970 780 2010 trium
804 1969 994 2023 suppetit
1016 1970 1317 2019 testimonium,
1351 1968 1565 2010 funiculus

76 2040 233 2094 triplex
267 2039 440 2081 difficile
472 2040 692 2094 rumpitur.
726 2041 814 2082 Nos
848 2041 883 2081 si
913 2041 1134 2095 sanguinis
1160 2041 1447 2082 testimonium
1481 2053 1565 2081 11011

77 2111 302 2163 habemus,
348 2112 585 2153 habeamus
630 2112 821 2166 spiritum
868 2119 909 2153 et
942 2125 1110 2164 aquam,
1157 2112 1248 2153 sine
1295 2111 1443 2165 spiritu
1485 2124 1565 2152 nec

80 2182 258 2236 sanguis
303 2195 384 2224 nec
417 2195 529 2235 aqua
561 2182 758 2225 sufficiet.
807 2183 921 2224 Sane
958 2190 1102 2224 tamen
1148 2189 1220 2224 aut
1253 2183 1322 2224 vix
1356 2190 1428 2224 aut
1461 2196 1565 2223 nun-

78 2267 206 2306 quam
251 2254 343 2295 sine
390 2267 502 2306 aqua
547 2260 619 2295 aut
663 2255 873 2307 sanguine
919 2255 1111 2308 spiritum
1156 2255 1335 2296 arbitror
1369 2254 1562 2296 inveniri.

77 2325 314 2378 Propterea
358 2338 585 2377 queremus
617 2326 687 2367 vel
731 2339 886 2378 aquam
921 2326 991 2378 qui
1024 2326 1277 2379 sanguinem
1317 2338 1401 2367 non
1434 2325 1564 2366 habe-

77 2409 184 2437 mus.
232 2395 356 2437 Adde
390 2396 502 2448 quod
543 2395 737 2438 Christus
772 2398 960 2439 salvator
1004 2397 1212 2450 triplicem
1252 2396 1375 2438 nobis
1409 2410 1563 2449 aquam

76 2466 314 2508 secundum
360 2467 541 2508 eundem
588 2468 852 2509 Bernardum
895 2468 1084 2522 apponit.
1138 2467 1324 2516 Quarum
1371 2468 1506 2522 prima
1540 2481 1565 2508 a

77 2537 248 2578 delictis
295 2538 538 2592 praeteritis
586 2539 900 2581 conscienciam
946 2538 1090 2580 abluit.
1146 2538 1264 2580 Sicut
1312 2539 1423 2580 enim
1470 2539 1563 2592 ipse

76 2608 274 2650 Christus
318 2610 500 2663 ploravit
545 2623 674 2664 super
717 2610 925 2651 Lazarum
958 2617 1182 2661 mortuum,
1229 2617 1271 2651 et
1304 2623 1433 2664 super
1466 2609 1564 2651 civi-

78 2685 210 2721 tatem
262 2680 551 2731 Hierusalem,
611 2681 670 2721 ita
720 2688 765 2721 tu
814 2695 1019 2734 aquarum
1080 2681 1203 2734 copia
1257 2680 1563 2722 conscientiam

76 2749 308 2804 lachrymis
356 2751 550 2803 rigando,
597 2758 639 2793 et
684 2752 875 2794 maculas
923 2758 1210 2805 peccatorum,
1258 2751 1403 2793 dolore
1453 2765 1563 2793 coni-

78 2821 321 2874 punctionis
366 2821 582 2873 diluendo,
628 2822 671 2863 id
704 2822 868 2864 efficies
902 2822 1015 2875 quod
1059 2823 1200 2864 vinum
1233 2822 1310 2863 tibi
1342 2830 1563 2877 praestare

78 2904 164 2932 non
196 2897 348 2945 potest.
396 2891 597 2933 Secunda
630 2893 682 2934 de
716 2893 867 2934 futuris
902 2893 1303 2947 concupescentiam
1340 2894 1563 2947 extinguit.
