1919 3273
318 99 388 132 486

319 312 511 355 Adriani
552 312 786 366 Volphardz‘
829 312 1147 367 Transsyzvam·
1191 313 1249 354 ad
1279 312 1489 355 Ioannem
1528 312 1812 356 Pannonium

825 398 996 449 poetam
1028 395 1271 451 Eleyz'dion.
1293 395 1307 418 1

469 527 585 569 Orba
617 540 775 581 parens
809 532 924 577 nato,
957 526 1118 581 primos
1153 531 1330 580 experta
1363 526 1536 568 labores

529 599 735 650 Lucinae,
769 599 940 650 quantis
974 598 1145 639 fletibus
1178 611 1312 651 aegra
1344 598 1489 651 gemit,

468 671 790 725 Impatiensque
825 669 970 723 gravis
1002 670 1209 711 moeroris
1242 670 1370 711 busta
1402 669 1662 722 frequentat,

528 743 582 783 Et
614 742 758 783 multis
793 741 965 795 cippum
997 746 1164 782 moesta
1195 741 1308 794 rigat
1339 741 1552 795 lacrymis.

467 814 666 855 Poenitet
698 814 913 866 ingratam
946 812 1124 853 ulterius
1158 813 1396 866 producere
1429 813 1575 864 vitam,

528 886 716 926 Deserta
749 885 884 925 solam
918 897 999 925 nec
1030 884 1149 925 iuvat
1183 897 1281 925 esse
1316 884 1442 926 domo

470 957 714 999 Moerentes
748 955 879 996 tantis
912 968 991 996 nos
1024 955 1350 1007 intabescimuS,
1385 956 1520 997 eheu!

528 1027 735 1080 Fletibus,
771 1026 918 1080 ecquis
953 1039 999 1067 se
1032 1032 1243 1080 temperet
1275 1040 1301 1067 a
1333 1026 1569 1080 lacrymis?

470 1101 536 1141 Tu
569 1099 702 1141 decus
736 1104 778 1140 et
810 1098 959 1152 populi
990 1097 1069 1139 flos
1105 1098 1335 1150 delibatus,
1371 1104 1412 1139 et
1445 1098 1599 1152 ingens

532 1171 691 1222 Gloria,
725 1176 770 1211 tu
803 1170 970 1224 patriae
1005 1169 1211 1224 splendor
1243 1183 1427 1222 erasque
1461 1176 1575 1211 tuae.

470 1244 554 1284 Per
585 1248 627 1284 te
660 1242 895 1283 Pannoniis
928 1242 1115 1284 invisere
1150 1241 1292 1295 coepit
1324 1241 1493 1295 Apollo,

532 1315 615 1356 Per
646 1320 688 1355 te
722 1314 971 1355 Pannonios
1005 1313 1186 1355 collibus
1218 1313 1279 1354 ire
1312 1313 1442 1354 iuvat.

472 1386 611 1428 Macte
645 1385 788 1437 animi,
821 1385 982 1439 primus
1017 1384 1088 1438 qui
1119 1384 1307 1425 barbara
1338 1384 1471 1425 verba
1503 1384 1680 1438 fugasti,

533 1457 869 1509 Pannoniosque
903 1456 1014 1497 facis
1048 1469 1144 1496 cum
1179 1455 1386 1497 Cicerone
1419 1455 1548 1509 loqui.

474 1529 539 1570 Tu
575 1528 736 1583 primus
769 1528 894 1569 Latio
928 1527 1113 1569 docuisti
1144 1540 1274 1581 posse
1308 1527 1471 1581 lepore,

534 1601 587 1641 Et
621 1613 776 1641 canere
810 1599 1013 1652 Argolica
1048 1599 1238 1640 carmina
1270 1599 1386 1640 culta
1419 1598 1558 1652 chely.

475 1671 683 1726 Sparsisti
716 1676 948 1724 angustum
981 1676 1027 1710 tu
1060 1670 1246 1723 denique
1279 1683 1437 1711 nomen
1458 1670 1502 1710 in
1525 1669 1684 1717 orbem,

534 1744 618 1784 Per
650 1749 692 1784 te
725 1742 976 1784 immortalis
1009 1743 1149 1796 patria
1181 1742 1300 1783 facta
1331 1748 1404 1783 tua
1438 1748 1516 1783 est.

475 1814 663 1857 Gradivo
697 1813 839 1855 fuerat
871 1826 1008 1867 nuper
1041 1827 1151 1866 quae
1186 1827 1310 1855 sacra
1343 1819 1531 1864 cruento,

534 1887 596 1927 Te
630 1885 738 1928 duce
772 1899 886 1926 nunc
918 1885 1095 1926 Phoebo
1130 1885 1247 1926 clara
1279 1885 1490 1939 trophaea
1521 1884 1666 1926 refert.

477 1958 652 2000 Scilicet
682 1956 859 2010 ingenio
892 1962 1086 2010 praestat
1120 1969 1246 2009 quam
1279 1956 1451 1998 vincere
1484 1956 1635 2006 Marte,

537 2028 753 2071 Ornantur
784 2028 919 2069 Musis
952 2027 1118 2081 praelia
1151 2027 1400 2069 dulcisonis.

474 2101 570 2142 Iure
604 2100 681 2141 tibi
713 2105 952 2153 acceptum,
987 2099 1023 2140 si
1048 2100 1277 2152 quicquam
1297 2111 1540 2152 possumus,
1574 2099 1684 2140 ultro

534 2171 783 2223 Reddimus,
818 2184 870 2211 ac
902 2171 1039 2222 nobis,
1074 2176 1119 2211 tu
1153 2183 1320 2223 quoque
1356 2183 1513 2212 numen
1548 2169 1644 2212 eris.

475 2245 529 2285 Et
560 2243 678 2285 velut
709 2241 932 2284 Andiades
965 2255 1064 2283 sese
1098 2241 1257 2283 debere
1290 2241 1492 2291 fatentur,

534 2314 726 2369 Virgilio,
760 2320 934 2355 nostrae
969 2313 1031 2355 sic
1063 2313 1139 2355 tibi
1171 2313 1461 2356 Pannonides.

1114 2549 1177 2557 ...ι

330 2610 492 2655 vegero'l.
