1955 3278
329 107 400 141 314

329 333 400 367 620

330 690 401 723 625

333 1047 404 1081 630

335 1406 405 1439 635

336 1762 408 1795 640

338 2123 408 2156 645

342 2480 411 2513 650

344 2838 415 2871 655

482 251 550 293 Sis
584 264 745 304 quaeso
779 265 988 307 praesens
1021 254 1180 308 populo
1213 253 1423 308 nobisque
1458 254 1673 297 secundus

480 323 534 364 Et
566 322 708 365 firmes
742 336 953 376 omenque
987 323 1133 366 datum
1165 324 1456 378 mandataque
1490 325 1635 380 patris.

479 394 542 435 Te
577 394 795 447 sequimur
827 395 968 436 cuncti
999 395 1162 449 rapidis
1197 395 1498 437 comitantibus
1532 396 1612 437 alis

480 465 576 507 Non
610 466 728 519 genti
761 479 917 520 parcus
952 480 1074 508 cruor
1107 474 1173 509 est
1206 481 1281 522 pro
1314 467 1442 509 laude
1476 467 1677 516 fovenda,

480 537 558 577 Est
591 537 715 578 nobis
749 537 916 579 virtutis
949 552 1076 579 avum
1110 539 1392 592 geminusque
1427 539 1581 593 cupido

482 608 639 649 Tendit
673 608 728 650 ad
761 608 941 651 hostiles
976 623 1107 651 ausus
1140 610 1312 651 insania
1344 623 1524 652 concors

481 680 571 721 Nos
606 693 777 735 semper
810 680 1075 733 iuvenesque
1110 694 1238 723 senes
1272 681 1548 735 pubescimus
1577 681 1704 723 armis

482 751 689 792 Bellatrix
722 765 831 805 gens
863 752 947 793 ista
980 759 1123 793 manet
1156 766 1236 794 nec
1269 753 1447 794 vulnera
1480 759 1610 794 curat.

481 823 604 864 Irruit
637 823 915 865 Hectoridum
948 824 1128 877 pulchra
1161 823 1217 865 ad
1249 823 1494 866 discrimina
1526 824 1670 878 proles

482 894 605 935 Nunc
639 894 826 936 studium
860 895 1019 950 populo
1053 896 1258 948 gentique
1292 895 1512 937 facessere
1545 895 1664 936 iussa

482 966 567 1006 Par
600 966 738 1017 sedet⁷
773 972 816 1007 et
849 967 1010 1008 similes
1045 973 1192 1008 extant
1225 967 1268 1008 in
1302 973 1477 1021 pectore
1511 972 1677 1008 mentes

484 1037 644 1079 Ibimus
679 1039 806 1079 electi
839 1038 895 1079 ad
928 1044 1125 1080 sanctum
1157 1039 1271 1080 latus
1306 1038 1454 1080 ordine
1488 1038 1599 1080 vatis

483 1108 752 1163 Bellipotens
776 1116 1054 1163 nostrumque
1079 1109 1232 1152 ducem
1256 1123 1351 1152 cum
1375 1115 1490 1151 sorte
1513 1115 1725 1164 petemus.

483 1181 686 1233 Finierat,
721 1182 865 1223 statim
898 1188 1045 1236 patres
1080 1189 1121 1223 et
1153 1182 1303 1224 fortior
1335 1194 1459 1222 ursus

485 1253 611 1294 Haud
644 1266 762 1294 mora
795 1254 913 1295 nulla
946 1253 1024 1295 suit
1057 1253 1236 1307 primum
1270 1253 1373 1295 dare
1396 1253 1524 1294 thura
1543 1251 1710 1294 tonanti

485 1325 596 1366 Ante
630 1325 738 1366 alias
772 1325 942 1376 Veneri,
976 1326 1187 1378 Martique
1220 1325 1410 1366 indicere
1443 1323 1596 1366 laudes

485 1396 685 1438 Externis
718 1397 953 1451 patriisque
988 1396 1081 1438 deis
1115 1403 1157 1438 et
1190 1397 1319 1438 ovilia
1353 1396 1493 1449 campi

489 1467 613 1509 Culta
647 1467 732 1518 diu,
767 1468 1070 1521 cumulantque
1103 1467 1216 1509 bono
1250 1467 1489 1522 penetralia
1521 1466 1637 1508 fumo

488 1538 671 1580 Victima
703 1553 865 1593 perque
900 1539 1042 1581 aditus
1075 1539 1209 1581 habili
1243 1539 1358 1580 cadit
1389 1539 1475 1579 icta
1495 1537 1686 1579 ministro

485 1610 833 1664 Lanigerumque
867 1624 1000 1666 pecus
1023 1611 1181 1652 feriunt
1215 1623 1433 1663 canosque
1465 1610 1684 1651 iuvencos.

485 1682 694 1724 Albentes
727 1689 1003 1736 mactantque
1036 1683 1170 1724 boves
1205 1682 1257 1723 de
1290 1694 1407 1723 more
1440 1686 1611 1723 vetusto

489 1752 607 1802 Quos
640 1753 794 1795 iterum
829 1754 965 1795 solitis
1000 1754 1129 1795 nutrit
1164 1754 1402 1808 Clytunnus
1434 1753 1479 1794 in
1511 1752 1638 1794 arvis.

488 1824 580 1866 Nec
613 1838 698 1866 non
732 1826 940 1867 sollicitus
973 1826 1111 1867 festas
1144 1826 1373 1867 Marcellus
1408 1824 1463 1866 ad
1496 1837 1594 1866 aras

488 1896 707 1950 Raptabat
739 1904 982 1951 nuptasque
1016 1911 1147 1939 nurus
1180 1910 1265 1938 non
1297 1896 1449 1938 federa
1480 1908 1648 1950 passas.

489 1967 754 2022 ignarasque
787 1969 899 2010 thori
932 1969 1119 2010 ducebat
1152 1969 1231 2010 rite
1264 1968 1432 2022 puellas

488 2039 730 2094 Martigena
764 2040 817 2081 de
851 2040 983 2095 stirpe
1018 2047 1158 2094 caput.
1192 2039 1449 2081 Laurentius
1482 2037 1582 2079 inde

491 2111 628 2153 Gente
662 2112 883 2153 Paluzella
915 2125 1139 2154 causarum
1174 2111 1406 2152 acerrimus
1439 2123 1548 2150 unus

490 2183 719 2235 Defensor7
753 2183 902 2232 Rubee
936 2184 1079 2237 gentis
1112 2182 1400 2236 pulcherrima
1431 2181 1575 2235 proles

490 2255 624 2296 Filius
658 2255 756 2297 hinc
789 2254 961 2296 Nardus
994 2255 1134 2308 patria
1166 2254 1321 2295 virtute
1357 2252 1538 2294 decorus

490 2327 599 2368 Hinc
633 2326 824 2379 sequitur
856 2339 982 2367 cursu
1012 2325 1186 2366 nimium
1209 2330 1467 2379 properante
1492 2322 1692 2373 Quirinus

493 2397 604 2439 Cura
638 2398 763 2439 deum
797 2397 956 2439 nitidus
989 2403 1134 2439 vatum
1168 2396 1239 2449 qui
1271 2395 1480 2436 maximus
1515 2399 1631 2435 extat

491 2469 544 2510 Et
577 2476 722 2510 custos
755 2469 951 2522 Latiique
984 2468 1115 2519 chori,
1150 2481 1232 2520 quo
1265 2467 1407 2508 nullus
1440 2465 1624 2507 habetur

493 2540 655 2582 Clarior
688 2541 857 2593 eloquio
892 2547 933 2581 et
965 2539 1141 2588 Phebeo
1175 2538 1345 2592 pectine
1378 2537 1523 2579 maior.

493 2612 629 2653 Fonte
665 2625 741 2653 suo
774 2624 966 2666 puroque
998 2611 1096 2651 lacu
1128 2622 1241 2650 nunc
1275 2622 1349 2650 ora
1382 2608 1602 2662 perhenne

492 2684 652 2724 Nostra
672 2689 824 2724 natant
847 2682 1097 2736 spargitque
1121 2693 1256 2722 novos
1279 2681 1322 2721 in
1344 2680 1508 2734 plectra
1530 2678 1731 2731 liquores.

494 2754 688 2808 Cogebat
721 2754 919 2796 iuvenum
955 2753 1111 2807 pubem
1145 2751 1401 2804 doctamque
1435 2756 1662 2792 catervam.

498 2826 569 2868 Sic
603 2827 731 2867 etiam
767 2826 933 2867 Marsus
966 2824 1091 2866 terris
1124 2822 1401 2865 memorabile
1434 2833 1590 2862 nomen

495 2898 770 2950 Ausonieque
806 2897 937 2938 decus
972 2896 1085 2943 culte
1119 2894 1324 2935 mirantur
1356 2892 1525 2939 Athene
