1955 3278
1498 111 1566 144 153

83 257 259 305 viveret,
303 255 379 296 sed
418 261 462 296 ut
494 255 672 305 biberet,
706 262 831 295 natus
865 262 993 304 esset,
1038 255 1109 307 qui
1142 261 1344 307 quantum
1381 253 1565 295 bibendo

84 327 262 380 turpiter
293 326 570 379 ingresserat,
604 331 766 365 tantum
801 325 996 365 meiendo
1029 325 1206 378 turpiter
1239 325 1454 378 egerebat.
1499 325 1566 365 De

85 411 166 451 quo
200 405 240 438 et
274 397 354 438 hoc
387 396 556 447 addam,
591 395 704 449 quod
728 395 825 437 dum
849 395 919 436 ille
944 409 967 435 a
991 395 1145 449 probro
1180 402 1406 449 superatus
1435 395 1565 436 vitam

83 469 238 521 laqueo
270 468 449 519 finisset,
495 467 790 521 pensilemque
836 479 882 507 se
927 466 1123 515 fecisset,
1177 480 1253 519 per
1295 466 1432 507 iocuni
1480 479 1565 507 non

83 539 296 581 hominem
342 538 419 579 sed
464 538 713 592 amphoram
758 536 947 591 pendere
994 536 1210 578 dicebant.
1265 537 1388 586 Quod
1434 537 1469 578 si
1506 537 1567 578 ita

84 617 212 660 essct,
246 616 291 650 ut
322 609 427 650 nihil
449 609 713 662 praeclarum
744 608 826 649 nisi
854 608 896 648 in
919 608 1016 649 vino
1044 608 1111 649 vel
1141 607 1355 649 diceretur
1376 608 1445 649 vel
1469 607 1567 649 ede-

81 688 208 732 retur,
243 693 334 721 cum
369 686 512 721 tamen
545 679 660 733 apud
694 679 882 720 Graecos
917 677 993 730 (uti
1025 678 1146 732 pueri
1180 679 1308 719 etiam
1341 676 1565 733 noverunt)

82 751 399 793 Demosthenes
444 751 678 792 abstemius
724 763 817 791 cum
851 750 893 790 in
937 750 1123 791 moribus
1169 756 1255 790 tum
1288 749 1330 790 in
1364 750 1567 790 orationis

79 822 354 864 'vehementia
385 821 463 862 fuit
496 822 714 875 praelatus
757 820 961 862 Aeschini
994 819 1198 862 ebrioso?
1245 827 1289 861 ut
1323 820 1435 873 quod
1467 820 1567 861 licet

84 893 122 935 ei
154 892 391 934 Aeschines
423 891 739 933 inimicissimus
773 898 903 941 esset,
951 899 991 932 et
1026 897 1174 932 contra
1207 904 1303 932 eum
1338 891 1567 944 capitalem

82 971 230 1017 ageret
274 976 485 1013 caussam,
532 964 623 1004 eius
667 970 811 1003 tamen
853 963 1139 1015 eloquentiam
1185 976 1278 1004 cum
1311 962 1353 1003 in
1387 975 1437 1003 eo
1472 975 1567 1003 con-

82 1034 342 1088 syderasset,
371 1042 413 1075 et
445 1034 694 1075 acerrimum
717 1034 759 1074 in
783 1033 965 1075 dicendo
989 1034 1207 1074 oculorum
1228 1034 1425 1087 rigorem,
1449 1033 1566 1073 terri-

81 1105 294 1158 bilemque
318 1105 492 1155 vultum,
525 1104 693 1158 pondus
726 1104 826 1145 item
860 1105 1040 1157 singulis
1072 1104 1214 1146 verbis
1244 1103 1567 1146 accomodatum

82 1189 230 1217 sonum
264 1176 394 1226 vocis,
429 1175 753 1217 efficacissimos
788 1176 976 1229 corporis
1008 1183 1147 1217 motus
1180 1175 1240 1216 ita
1271 1175 1565 1216 commendat:

80 1248 173 1288 Etsi
215 1247 346 1300 operi,
379 1247 526 1299 inquit,
560 1246 650 1288 eius
685 1247 789 1287 nihil
822 1247 922 1288 addi
954 1253 1110 1300 potest,
1150 1252 1291 1287 tamen
1333 1246 1448 1300 apud
1480 1246 1564 1286 De·
1621 1259 1735 1289 Oratio

80 1318 347 1359 mosthenem
379 1331 536 1371 magna
568 1330 668 1371 pars
709 1318 1014 1359 Demosthenis
1047 1318 1183 1368 abest,
1225 1331 1351 1370 quum
1383 1317 1567 1369 loquitur
1580 1311 1772 1371 Demosthe

80 1389 221 1443 potius
245 1402 370 1441 quani
395 1402 518 1441 quum
538 1388 719 1430 auditur.
746 1389 797 1429 Et
815 1389 914 1430 item
934 1402 1028 1429 cum
1047 1389 1281 1430 orationem
1311 1388 1560 1429 Demosthe·
1577 1366 1784 1447 Χὲίἒξιῖἶὲ

80 1460 145 1501 nis
165 1468 312 1501 contra
330 1473 376 1501 se
394 1460 550 1501 factam
570 1460 749 1501 Athenis
768 1474 793 1500 a
810 1460 1055 1513 legentibus
1074 1460 1274 1501 admirari
1293 1458 1352 1514 (li)
1371 1459 1563 1509 vidisset,

80 1532 271 1586 protinus
294 1533 335 1572 in
360 1544 453 1572 eam
477 1544 625 1572 vocem
650 1531 810 1585 erupit:
848 1531 959 1581 Quid
989 1531 1038 1580 si,
1062 1530 1209 1583 inquit,
1244 1531 1426 1572 bestiam
1449 1531 1565 1571 illam

81 1610 271 1643 orantem
295 1602 525 1643 audissetis
541 1601 562 1643 ἶ)
592 1602 674 1643 Cur
695 1603 797 1643 item
820 1603 942 1643 Plato
966 1615 1113 1643 onmes
1136 1602 1232 1643 illos
1257 1603 1327 1654 qui
1346 1601 1564 1643 doctrinae

81 1680 122 1715 et
156 1673 394 1727 sapientiae
427 1681 642 1722 vacarent,
683 1687 708 1713 a
740 1674 837 1715 vino
871 1673 1071 1725 excludit,
1105 1674 1145 1713 in
1179 1672 1303 1714 festis
1339 1673 1490 1714 saltem
1524 1678 1566 1712 et

82 1743 300 1785 sacrificiis
332 1744 444 1785 illius
472 1758 593 1785 usum
634 1744 695 1785 eis
729 1744 1014 1799 permittens?
1062 1744 1189 1785 Cuius
1223 1757 1307 1785 non
1340 1744 1424 1784 alia
1457 1743 1564 1785 ratio

81 1815 338 1868 assignatur,
383 1815 465 1856 nisi
498 1816 596 1868 quia
640 1815 737 1856 vino
770 1816 866 1869 ipsa
897 1816 1003 1857 ratio
1049 1822 1330 1869 expugnatur.
1381 1815 1491 1864 Quin
1524 1821 1565 1855 et

81 1885 195 1940 apud
218 1893 369 1940 poetas
396 1886 505 1927 inter
527 1886 692 1940 potiora
715 1894 756 1927 et
787 1887 1065 1928 eminentiora
1098 1893 1331 1940 praecepta
1362 1885 1466 1927 illud
1500 1892 1565 1927 est

81 1971 222 2008 unum,
263 1957 376 2010 quod
410 1957 573 1999 scilicet
605 1958 701 1999 vino
735 1958 951 1999 abstinere
986 1957 1185 2009 debeant,
1219 1964 1264 1998 ut
1298 1957 1411 2010 quod
1444 1956 1567 1998 aliter

81 2028 221 2069 nullus
255 2028 518 2070 divinitatem
548 2029 638 2070 eius
662 2029 764 2070 artis
788 2029 961 2082 assequi
981 2029 1132 2083 possit,
1156 2042 1236 2070 nec
1258 2029 1442 2070 alienam
1467 2041 1564 2069 csse
1588 2035 1767 2066 Poetarum

80 2099 188 2139 viam
209 2098 263 2139 ad
281 2099 460 2151 gloriam
479 2099 770 2153 perveniendi,
796 2100 907 2153 quod
926 2113 1005 2141 nec
1022 2100 1223 2141 Horatius
1243 2099 1463 2152 (tanquam
1482 2112 1565 2140 non
1589 2091 1764 2171 Ψόλξῖῖξῒῑὸ

82 2169 172 2210 sine
201 2183 358 2223 magno
389 2170 557 2224 piaculo
593 2171 970 2225 praetereundum)
1004 2171 1156 2223 omisit,
1186 2171 1298 2212 idem
1331 2163 1784 2223 affirmansffibsfi'oenffia

82 2240 194 2291 quod
227 2254 374 2281 omnes
416 2241 517 2282 clari
549 2249 704 2295 poetae
739 2242 1085 2283 observaverunt.

257 2323 330 2369 Qui
352 2324 491 2367 studet,
514 2325 647 2371 inquit,
673 2329 844 2373 optatam
868 2338 983 2362 cursu
1005 2326 1225 2373 pertingere
1246 2329 1400 2370 metam,

257 2383 377 2420 Multa
408 2384 493 2420 tulit
525 2383 694 2431 fecitque
727 2397 823 2432 puer
856 2385 1008 2422 sudavit
1040 2390 1078 2422 et
1110 2384 1222 2423 alsit:

257 2441 453 2479 Abstinuit
485 2443 635 2480 Venere
668 2447 706 2480 et
738 2444 892 2481 Baccho
927 2445 989 2491 qui
1024 2443 1162 2492 Pythia
1195 2448 1335 2480 cantat.

80 2522 196 2563 Idem
231 2523 414 2564 affirmat
446 2524 669 2566 Juvenalis
686 2540 694 2565 ε

646 2610 733 2646 Fuit
768 2609 857 2646 utile
891 2609 1019 2646 inultis

259 2667 408 2704 Fallere
441 2671 479 2704 et
509 2672 589 2705 toto
624 2669 751 2705 vinum
785 2671 935 2705 nescire
970 2669 1187 2706 Decembri.

198 2749 421 2801 Tanquam
454 2750 592 2790 minus
626 2750 791 2792 deceat.
826 2758 869 2791 ut
903 2751 973 2791 ille
1007 2750 1308 2792 sublimitatem
1343 2740 1708 2804 cogitatio-‚Pffiae
1732 2740 1764 2769 ³¹¹

80 2832 177 2859 nuni
211 2819 307 2859 vino
341 2819 607 2873 praepediat,
641 2821 712 2872 qui
745 2821 784 2861 in
819 2822 914 2874 ipsa
934 2821 1073 2862 fronte
1102 2821 1365 2862 divinitatem
1388 2828 1560 2875 gestare
1573 2791 1778 2874 ὲῗίῗῃξξὲἲὲᾆ

81 2889 247 2930 debeat.
281 2890 398 2931 Talis
430 2897 569 2931 tamen
608 2898 673 2932 est
707 2901 847 2945 poeta,
884 2892 952 2944 qui
987 2892 1302 2933 sublimioribus
1325 2905 1486 2934 vacans
1520 2899 1561 2932 et
1600 2898 1736 2934 gestant.
