<?xml version="1.0" encoding="UTF-8"?>
<!DOCTYPE html PUBLIC "-//W3C//DTD XHTML 1.0 Transitional//EN"
    "http://www.w3.org/TR/xhtml1/DTD/xhtml1-transitional.dtd">
<html xmlns="http://www.w3.org/1999/xhtml" xml:lang="en" lang="en">
 <head>
  <title>
</title>
<meta http-equiv="Content-Type" content="text/html;charset=utf-8" />
  <meta name='ocr-system' content='tesseract 3.04.00' />
  <meta name='ocr-capabilities' content='ocr_page ocr_carea ocr_par ocr_line ocrx_word'/>
</head>
<body>
  <div class='ocr_page' id='page_1' title='image "analectanovaadhi00beuoft_0316.png"; bbox 0 0 1955 3278; ppageno 0'>
   <div class='ocr_carea' id='block_1_1' title="bbox 329 118 398 150">
    <p class='ocr_par' dir='ltr' id='par_1_1' title="bbox 329 118 398 150">
     <span class='ocr_line' id='line_1_1' title="bbox 329 118 398 150; baseline 0 0"><span class='ocrx_word' id='word_1_1' title='bbox 329 118 398 150; x_wconf 72' lang='lat'>284</span> 
     </span>
    </p>
   </div>
   <div class='ocr_carea' id='block_1_2' title="bbox 328 261 1822 957">
    <p class='ocr_par' dir='ltr' id='par_1_2' title="bbox 328 261 1822 957">
     <span class='ocr_line' id='line_1_2' title="bbox 328 261 1818 318; baseline 0.001 -15"><span class='ocrx_word' id='word_1_2' title='bbox 328 263 479 303; x_wconf 89' lang='lat' dir='ltr'>mirum</span> <span class='ocrx_word' id='word_1_3' title='bbox 502 261 644 305; x_wconf 78' lang='lat' dir='ltr'>fuerit.</span> <span class='ocrx_word' id='word_1_4' title='bbox 668 262 759 303; x_wconf 88' lang='lat' dir='ltr'>sive</span> <span class='ocrx_word' id='word_1_5' title='bbox 782 263 1060 304; x_wconf 79' lang='lat' dir='ltr'>mutationem</span> <span class='ocrx_word' id='word_1_6' title='bbox 1083 263 1311 317; x_wconf 90' lang='lat' dir='ltr'>prohibeat</span> <span class='ocrx_word' id='word_1_7' title='bbox 1336 263 1545 305; x_wconf 81' lang='lat' dir='ltr'>Saturnus</span> <span class='ocrx_word' id='word_1_8' title='bbox 1567 264 1611 306; x_wconf 91' lang='lat' dir='ltr'>in</span> <span class='ocrx_word' id='word_1_9' title='bbox 1631 264 1818 318; x_wconf 86' lang='lat' dir='ltr'>Aquario</span> 
     </span>
     <span class='ocr_line' id='line_1_3' title="bbox 328 332 1817 388; baseline 0.002 -14"><span class='ocrx_word' id='word_1_10' title='bbox 328 333 452 374; x_wconf 86' lang='lat' dir='ltr'>nobis</span> <span class='ocrx_word' id='word_1_11' title='bbox 488 332 744 383; x_wconf 81' lang='lat' dir='ltr'>ascendens,</span> <span class='ocrx_word' id='word_1_12' title='bbox 781 332 894 386; x_wconf 88' lang='lat' dir='ltr'>quod</span> <span class='ocrx_word' id='word_1_13' title='bbox 923 333 1033 376; x_wconf 88' lang='lat' dir='ltr'>forte</span> <span class='ocrx_word' id='word_1_14' title='bbox 1057 334 1266 376; x_wconf 82' lang='lat' dir='ltr'>indicabit</span> <span class='ocrx_word' id='word_1_15' title='bbox 1294 334 1548 388; x_wconf 87' lang='lat' dir='ltr'>Astrologus</span> <span class='ocrx_word' id='word_1_16' title='bbox 1578 348 1655 377; x_wconf 93' lang='lat' dir='ltr'>seu</span> <span class='ocrx_word' id='word_1_17' title='bbox 1676 336 1817 377; x_wconf 80' lang='lat' dir='ltr'>vetet¹</span> 
     </span>
     <span class='ocr_line' id='line_1_4' title="bbox 328 404 1818 460; baseline 0.001 -15"><span class='ocrx_word' id='word_1_18' title='bbox 328 404 483 457; x_wconf 89' lang='lat' dir='ltr'>aliquis</span> <span class='ocrx_word' id='word_1_19' title='bbox 528 404 737 446; x_wconf 90' lang='lat' dir='ltr'>eiusmodi</span> <span class='ocrx_word' id='word_1_20' title='bbox 771 405 939 458; x_wconf 75' lang='lat' dir='ltr'>genius,</span> <span class='ocrx_word' id='word_1_21' title='bbox 986 405 1099 458; x_wconf 90' lang='lat' dir='ltr'>quod</span> <span class='ocrx_word' id='word_1_22' title='bbox 1143 405 1296 459; x_wconf 81' lang='lat' dir='ltr'>Magus</span> <span class='ocrx_word' id='word_1_23' title='bbox 1341 405 1522 447; x_wconf 82' lang='lat' dir='ltr'>forsitan</span> <span class='ocrx_word' id='word_1_24' title='bbox 1562 406 1818 460; x_wconf 86' lang='lat' dir='ltr'>opinabitur,</span> 
     </span>
     <span class='ocr_line' id='line_1_5' title="bbox 329 476 1820 530; baseline 0.001 -13"><span class='ocrx_word' id='word_1_25' title='bbox 329 476 418 517; x_wconf 88' lang='lat' dir='ltr'>sive</span> <span class='ocrx_word' id='word_1_26' title='bbox 452 476 750 529; x_wconf 76' lang='lat' dir='ltr'>corpusculum</span> <span class='ocrx_word' id='word_1_27' title='bbox 778 476 969 530; x_wconf 90' lang='lat' dir='ltr'>ineptum</span> <span class='ocrx_word' id='word_1_28' title='bbox 991 476 1211 518; x_wconf 86' lang='lat' dir='ltr'>laboribus</span> <span class='ocrx_word' id='word_1_29' title='bbox 1233 476 1441 530; x_wconf 90' lang='lat' dir='ltr'>impediat</span> <span class='ocrx_word' id='word_1_30' title='bbox 1472 477 1567 529; x_wconf 87' lang='lat' dir='ltr'>iter,</span> <span class='ocrx_word' id='word_1_31' title='bbox 1600 490 1677 518; x_wconf 87' lang='lat' dir='ltr'>seu</span> <span class='ocrx_word' id='word_1_32' title='bbox 1697 490 1820 519; x_wconf 91' lang='lat' dir='ltr'>mens</span> 
     </span>
     <span class='ocr_line' id='line_1_6' title="bbox 329 547 1819 602; baseline 0.001 -14"><span class='ocrx_word' id='word_1_33' title='bbox 329 547 680 602; x_wconf 82' lang='lat' dir='ltr'>contemplationi</span> <span class='ocrx_word' id='word_1_34' title='bbox 714 560 886 601; x_wconf 83' lang='lat' dir='ltr'>semper</span> <span class='ocrx_word' id='word_1_35' title='bbox 917 548 1083 589; x_wconf 88' lang='lat' dir='ltr'>intenta</span> <span class='ocrx_word' id='word_1_36' title='bbox 1122 548 1346 600; x_wconf 86' lang='lat' dir='ltr'>quiescere</span> <span class='ocrx_word' id='word_1_37' title='bbox 1378 548 1538 590; x_wconf 90' lang='lat' dir='ltr'>iubeat.</span> <span class='ocrx_word' id='word_1_38' title='bbox 1582 548 1819 602; x_wconf 87' lang='lat' dir='ltr'>Ambiguas</span> 
     </span>
     <span class='ocr_line' id='line_1_7' title="bbox 329 617 1822 674; baseline 0.001 -16"><span class='ocrx_word' id='word_1_39' title='bbox 329 618 526 671; x_wconf 85' lang='lat' dir='ltr'>equidem</span> <span class='ocrx_word' id='word_1_40' title='bbox 557 618 639 659; x_wconf 89' lang='lat' dir='ltr'>hac</span> <span class='ocrx_word' id='word_1_41' title='bbox 672 617 724 659; x_wconf 92' lang='lat' dir='ltr'>de</span> <span class='ocrx_word' id='word_1_42' title='bbox 747 632 792 659; x_wconf 92' lang='lat' dir='ltr'>re</span> <span class='ocrx_word' id='word_1_43' title='bbox 825 631 980 660; x_wconf 83' lang='lat' dir='ltr'>causas</span> <span class='ocrx_word' id='word_1_44' title='bbox 1014 618 1247 672; x_wconf 74' lang='lat' dir='ltr'>assignavi.</span> <span class='ocrx_word' id='word_1_45' title='bbox 1283 619 1392 660; x_wconf 84' lang='lat' dir='ltr'>Nam</span> <span class='ocrx_word' id='word_1_46' title='bbox 1424 619 1637 661; x_wconf 81' lang='lat' dir='ltr'>Platonici</span> <span class='ocrx_word' id='word_1_47' title='bbox 1668 625 1822 674; x_wconf 90' lang='lat' dir='ltr'>putant</span> 
     </span>
     <span class='ocr_line' id='line_1_8' title="bbox 328 688 1820 744; baseline 0.002 -15"><span class='ocrx_word' id='word_1_48' title='bbox 328 688 539 730; x_wconf 90' lang='lat' dir='ltr'>humanos</span> <span class='ocrx_word' id='word_1_49' title='bbox 574 696 755 731; x_wconf 86' lang='lat' dir='ltr'>eventus</span> <span class='ocrx_word' id='word_1_50' title='bbox 790 702 814 730; x_wconf 88' lang='lat' dir='ltr'>a</span> <span class='ocrx_word' id='word_1_51' title='bbox 849 690 985 731; x_wconf 88' lang='lat' dir='ltr'>stellis</span> <span class='ocrx_word' id='word_1_52' title='bbox 1019 689 1190 742; x_wconf 88' lang='lat' dir='ltr'>quidem</span> <span class='ocrx_word' id='word_1_53' title='bbox 1223 689 1437 731; x_wconf 90' lang='lat' dir='ltr'>interdum</span> <span class='ocrx_word' id='word_1_54' title='bbox 1472 689 1720 744; x_wconf 86' lang='lat' dir='ltr'>significari,</span> <span class='ocrx_word' id='word_1_55' title='bbox 1758 691 1820 732; x_wconf 91' lang='lat' dir='ltr'>in-</span> 
     </span>
     <span class='ocr_line' id='line_1_9' title="bbox 329 759 1820 816; baseline 0.003 -16"><span class='ocrx_word' id='word_1_56' title='bbox 329 759 449 800; x_wconf 90' lang='lat' dir='ltr'>citari</span> <span class='ocrx_word' id='word_1_57' title='bbox 482 773 583 802; x_wconf 87' lang='lat' dir='ltr'>vero</span> <span class='ocrx_word' id='word_1_58' title='bbox 616 760 865 814; x_wconf 87' lang='lat' dir='ltr'>frequenter</span> <span class='ocrx_word' id='word_1_59' title='bbox 897 773 923 801; x_wconf 89' lang='lat' dir='ltr'>a</span> <span class='ocrx_word' id='word_1_60' title='bbox 956 760 1239 802; x_wconf 88' lang='lat' dir='ltr'>daemonibus</span> <span class='ocrx_word' id='word_1_61' title='bbox 1267 761 1500 813; x_wconf 80' lang='lat' dir='ltr'>stellarum,</span> <span class='ocrx_word' id='word_1_62' title='bbox 1535 762 1659 814; x_wconf 89' lang='lat' dir='ltr'>quasi</span> <span class='ocrx_word' id='word_1_63' title='bbox 1678 761 1820 816; x_wconf 83' lang='lat' dir='ltr'>pedis-</span> 
     </span>
     <span class='ocr_line' id='line_1_10' title="bbox 329 831 1821 886; baseline 0.002 -15"><span class='ocrx_word' id='word_1_64' title='bbox 329 831 487 883; x_wconf 79' lang='lat' dir='ltr'>sequis.</span> <span class='ocrx_word' id='word_1_65' title='bbox 522 832 673 885; x_wconf 86' lang='lat' dir='ltr'>peragi</span> <span class='ocrx_word' id='word_1_66' title='bbox 707 832 892 885; x_wconf 90' lang='lat' dir='ltr'>denique</span> <span class='ocrx_word' id='word_1_67' title='bbox 926 831 980 873; x_wconf 90' lang='lat' dir='ltr'>ab</span> <span class='ocrx_word' id='word_1_68' title='bbox 1014 831 1255 873; x_wconf 90' lang='lat' dir='ltr'>hominibus</span> <span class='ocrx_word' id='word_1_69' title='bbox 1293 846 1369 886; x_wconf 90' lang='lat' dir='ltr'>pro</span> <span class='ocrx_word' id='word_1_70' title='bbox 1404 832 1649 874; x_wconf 88' lang='lat' dir='ltr'>conditione</span> <span class='ocrx_word' id='word_1_71' title='bbox 1681 846 1821 874; x_wconf 88' lang='lat' dir='ltr'>rerum</span> 
     </span>
     <span class='ocr_line' id='line_1_11' title="bbox 329 900 1040 957; baseline -0.001 -15"><span class='ocrx_word' id='word_1_72' title='bbox 329 902 452 944; x_wconf 88' lang='lat' dir='ltr'>nobis</span> <span class='ocrx_word' id='word_1_73' title='bbox 485 904 845 957; x_wconf 88' lang='lat' dir='ltr'>propinquiorum.</span> <span class='ocrx_word' id='word_1_74' title='bbox 893 900 1040 944; x_wconf 81' lang='lat' dir='ltr'>Vale.2</span> 
     </span>
    </p>
   </div>
   <div class='ocr_carea' id='block_1_3' title="bbox 329 1111 1819 1226">
    <p class='ocr_par' dir='ltr' id='par_1_3' title="bbox 329 1111 1819 1226">
     <span class='ocr_line' id='line_1_12' title="bbox 377 1111 1772 1161; baseline 0.003 -14"><span class='ocrx_word' id='word_1_75' title='bbox 377 1111 675 1149; x_wconf 74' lang='lat' dir='ltr'>serenissimo</span> <span class='ocrx_word' id='word_1_76' title='bbox 709 1113 980 1150; x_wconf 82' lang='lat' dir='ltr'>Pannoniae</span> <span class='ocrx_word' id='word_1_77' title='bbox 1012 1115 1113 1160; x_wconf 83' lang='lat' dir='ltr'>regi</span> <span class='ocrx_word' id='word_1_78' title='bbox 1148 1113 1355 1151; x_wconf 77' lang='lat' dir='ltr'>Mathiae</span> <span class='ocrx_word' id='word_1_79' title='bbox 1383 1124 1566 1161; x_wconf 82' lang='lat' dir='ltr'>semper</span> <span class='ocrx_word' id='word_1_80' title='bbox 1591 1113 1772 1151; x_wconf 81' lang='lat' dir='ltr'>invicto</span> 
     </span>
     <span class='ocr_line' id='line_1_13' title="bbox 329 1176 1819 1226; baseline 0.002 -13"><span class='ocrx_word' id='word_1_81' title='bbox 329 1176 569 1215; x_wconf 84' lang='lat' dir='ltr'>Marsilius</span> <span class='ocrx_word' id='word_1_82' title='bbox 589 1177 783 1215; x_wconf 86' lang='lat' dir='ltr'>Ficinus</span> <span class='ocrx_word' id='word_1_83' title='bbox 802 1179 1121 1215; x_wconf 81' lang='lat' dir='ltr'>Florentinus³</span> <span class='ocrx_word' id='word_1_84' title='bbox 1148 1178 1425 1226; x_wconf 77' lang='lat' dir='ltr'>suppliciter</span> <span class='ocrx_word' id='word_1_85' title='bbox 1445 1189 1492 1216; x_wconf 90' lang='lat' dir='ltr'>se</span> <span class='ocrx_word' id='word_1_86' title='bbox 1512 1180 1819 1216; x_wconf 74' lang='lat' dir='ltr'>commendat.</span> 
     </span>
    </p>
   </div>
   <div class='ocr_carea' id='block_1_4' title="bbox 328 1295 1823 1980">
    <p class='ocr_par' dir='ltr' id='par_1_4' title="bbox 328 1295 1823 1980">
     <span class='ocr_line' id='line_1_14' title="bbox 448 1295 1822 1351; baseline 0.001 -15"><span class='ocrx_word' id='word_1_87' title='bbox 448 1295 704 1349; x_wconf 88' lang='lat' dir='ltr'>Accepimus</span> <span class='ocrx_word' id='word_1_88' title='bbox 738 1296 890 1338; x_wconf 89' lang='lat' dir='ltr'>eodem</span> <span class='ocrx_word' id='word_1_89' title='bbox 924 1297 1084 1342; x_wconf 58' lang='lat' dir='ltr'>nuntio,</span> <span class='ocrx_word' id='word_1_90' title='bbox 1119 1303 1161 1338; x_wconf 90' lang='lat' dir='ltr'>te</span> <span class='ocrx_word' id='word_1_91' title='bbox 1194 1310 1331 1351; x_wconf 91' lang='lat' dir='ltr'>nuper</span> <span class='ocrx_word' id='word_1_92' title='bbox 1362 1297 1446 1338; x_wconf 91' lang='lat' dir='ltr'>Dei</span> <span class='ocrx_word' id='word_1_93' title='bbox 1485 1296 1625 1351; x_wconf 87' lang='lat' dir='ltr'>gratia</span> <span class='ocrx_word' id='word_1_94' title='bbox 1656 1297 1822 1338; x_wconf 87' lang='lat' dir='ltr'>fortiter</span> 
     </span>
     <span class='ocr_line' id='line_1_15' title="bbox 329 1367 1823 1422; baseline 0.001 -15"><span class='ocrx_word' id='word_1_95' title='bbox 329 1367 508 1420; x_wconf 87' lang='lat' dir='ltr'>potitum</span> <span class='ocrx_word' id='word_1_96' title='bbox 541 1367 732 1417; x_wconf 82' lang='lat' dir='ltr'>victoria,</span> <span class='ocrx_word' id='word_1_97' title='bbox 768 1375 810 1408; x_wconf 90' lang='lat' dir='ltr'>et</span> <span class='ocrx_word' id='word_1_98' title='bbox 833 1368 1016 1409; x_wconf 87' lang='lat' dir='ltr'>amicum</span> <span class='ocrx_word' id='word_1_99' title='bbox 1049 1374 1241 1409; x_wconf 88' lang='lat' dir='ltr'>nostrum</span> <span class='ocrx_word' id='word_1_100' title='bbox 1269 1368 1409 1422; x_wconf 86' lang='lat' dir='ltr'>gratia</span> <span class='ocrx_word' id='word_1_101' title='bbox 1431 1368 1567 1410; x_wconf 85' lang='lat' dir='ltr'>nostri</span> <span class='ocrx_word' id='word_1_102' title='bbox 1588 1368 1823 1410; x_wconf 88' lang='lat' dir='ltr'>clementer</span> 
     </span>
     <span class='ocr_line' id='line_1_16' title="bbox 331 1438 1820 1494; baseline 0.001 -16"><span class='ocrx_word' id='word_1_103' title='bbox 331 1451 353 1478; x_wconf 92' lang='lat' dir='ltr'>e</span> <span class='ocrx_word' id='word_1_104' title='bbox 390 1451 563 1480; x_wconf 86' lang='lat' dir='ltr'>carcere</span> <span class='ocrx_word' id='word_1_105' title='bbox 607 1439 831 1480; x_wconf 88' lang='lat' dir='ltr'>liberasse.</span> <span class='ocrx_word' id='word_1_106' title='bbox 883 1438 1082 1480; x_wconf 76' lang='lat' dir='ltr'>Gratulor</span> <span class='ocrx_word' id='word_1_107' title='bbox 1113 1440 1258 1493; x_wconf 91' lang='lat' dir='ltr'>itaque</span> <span class='ocrx_word' id='word_1_108' title='bbox 1304 1439 1380 1481; x_wconf 89' lang='lat' dir='ltr'>tibi</span> <span class='ocrx_word' id='word_1_109' title='bbox 1413 1453 1541 1492; x_wconf 89' lang='lat' dir='ltr'>quam</span> <span class='ocrx_word' id='word_1_110' title='bbox 1579 1439 1820 1494; x_wconf 87' lang='lat' dir='ltr'>plurimum,</span> 
     </span>
     <span class='ocr_line' id='line_1_17' title="bbox 332 1509 1821 1564; baseline 0.001 -14"><span class='ocrx_word' id='word_1_111' title='bbox 332 1510 605 1563; x_wconf 85' lang='lat' dir='ltr'>congratulor</span> <span class='ocrx_word' id='word_1_112' title='bbox 650 1516 692 1551; x_wconf 89' lang='lat' dir='ltr'>et</span> <span class='ocrx_word' id='word_1_113' title='bbox 725 1511 876 1562; x_wconf 91' lang='lat' dir='ltr'>amico,</span> <span class='ocrx_word' id='word_1_114' title='bbox 922 1510 1024 1552; x_wconf 88' lang='lat' dir='ltr'>mihi</span> <span class='ocrx_word' id='word_1_115' title='bbox 1070 1510 1256 1564; x_wconf 90' lang='lat' dir='ltr'>denique</span> <span class='ocrx_word' id='word_1_116' title='bbox 1301 1510 1486 1564; x_wconf 77' lang='lat' dir='ltr'>gaudeo,</span> <span class='ocrx_word' id='word_1_117' title='bbox 1530 1509 1645 1563; x_wconf 92' lang='lat' dir='ltr'>quod</span> <span class='ocrx_word' id='word_1_118' title='bbox 1677 1517 1821 1552; x_wconf 86' lang='lat' dir='ltr'>tamen</span> 
     </span>
     <span class='ocr_line' id='line_1_18' title="bbox 330 1580 1820 1636; baseline 0.002 -16"><span class='ocrx_word' id='word_1_119' title='bbox 330 1580 445 1634; x_wconf 91' lang='lat' dir='ltr'>apud</span> <span class='ocrx_word' id='word_1_120' title='bbox 489 1594 635 1634; x_wconf 90' lang='lat' dir='ltr'>regem</span> <span class='ocrx_word' id='word_1_121' title='bbox 681 1588 846 1622; x_wconf 89' lang='lat' dir='ltr'>tantum</span> <span class='ocrx_word' id='word_1_122' title='bbox 892 1595 959 1622; x_wconf 89' lang='lat' dir='ltr'>me</span> <span class='ocrx_word' id='word_1_123' title='bbox 993 1594 1123 1636; x_wconf 90' lang='lat' dir='ltr'>posse</span> <span class='ocrx_word' id='word_1_124' title='bbox 1164 1595 1438 1635; x_wconf 88' lang='lat' dir='ltr'>cognoscam.</span> <span class='ocrx_word' id='word_1_125' title='bbox 1494 1582 1588 1635; x_wconf 91' lang='lat' dir='ltr'>Ago</span> <span class='ocrx_word' id='word_1_126' title='bbox 1622 1581 1820 1635; x_wconf 85' lang='lat' dir='ltr'>equidem</span> 
     </span>
     <span class='ocr_line' id='line_1_19' title="bbox 330 1652 1821 1707; baseline 0.001 -15"><span class='ocrx_word' id='word_1_127' title='bbox 330 1652 422 1693; x_wconf 91' lang='lat' dir='ltr'>Deo</span> <span class='ocrx_word' id='word_1_128' title='bbox 458 1652 621 1705; x_wconf 88' lang='lat' dir='ltr'>gratias</span> <span class='ocrx_word' id='word_1_129' title='bbox 655 1666 730 1707; x_wconf 84' lang='lat' dir='ltr'>pro</span> <span class='ocrx_word' id='word_1_130' title='bbox 763 1653 880 1694; x_wconf 85' lang='lat' dir='ltr'>felici</span> <span class='ocrx_word' id='word_1_131' title='bbox 912 1653 1091 1694; x_wconf 79' lang='lat' dir='ltr'>victoria</span> <span class='ocrx_word' id='word_1_132' title='bbox 1125 1659 1211 1698; x_wconf 76' lang='lat' dir='ltr'>tua.</span> <span class='ocrx_word' id='word_1_133' title='bbox 1245 1653 1322 1695; x_wconf 88' lang='lat' dir='ltr'>tibi</span> <span class='ocrx_word' id='word_1_134' title='bbox 1355 1666 1524 1706; x_wconf 90' lang='lat' dir='ltr'>quoque</span> <span class='ocrx_word' id='word_1_135' title='bbox 1556 1659 1656 1707; x_wconf 86' lang='lat' dir='ltr'>post</span> <span class='ocrx_word' id='word_1_136' title='bbox 1681 1653 1821 1694; x_wconf 90' lang='lat' dir='ltr'>Deum</span> 
     </span>
     <span class='ocr_line' id='line_1_20' title="bbox 328 1723 1820 1778; baseline 0.001 -15"><span class='ocrx_word' id='word_1_137' title='bbox 328 1736 403 1777; x_wconf 86' lang='lat' dir='ltr'>pro</span> <span class='ocrx_word' id='word_1_138' title='bbox 451 1723 651 1765; x_wconf 87' lang='lat' dir='ltr'>libertate</span> <span class='ocrx_word' id='word_1_139' title='bbox 700 1724 826 1765; x_wconf 89' lang='lat' dir='ltr'>amici</span> <span class='ocrx_word' id='word_1_140' title='bbox 873 1737 958 1766; x_wconf 89' lang='lat' dir='ltr'>non</span> <span class='ocrx_word' id='word_1_141' title='bbox 1005 1724 1298 1771; x_wconf 75' lang='lat' dir='ltr'>mediocriter,</span> <span class='ocrx_word' id='word_1_142' title='bbox 1349 1724 1427 1766; x_wconf 91' lang='lat' dir='ltr'>sed</span> <span class='ocrx_word' id='word_1_143' title='bbox 1474 1724 1701 1778; x_wconf 90' lang='lat' dir='ltr'>plurimum</span> <span class='ocrx_word' id='word_1_144' title='bbox 1744 1736 1820 1778; x_wconf 89' lang='lat' dir='ltr'>pro</span> 
     </span>
     <span class='ocr_line' id='line_1_21' title="bbox 330 1794 1821 1850; baseline 0.001 -15"><span class='ocrx_word' id='word_1_145' title='bbox 330 1795 584 1836; x_wconf 86' lang='lat' dir='ltr'>auctoritate</span> <span class='ocrx_word' id='word_1_146' title='bbox 616 1795 731 1849; x_wconf 90' lang='lat' dir='ltr'>apud</span> <span class='ocrx_word' id='word_1_147' title='bbox 760 1803 802 1836; x_wconf 87' lang='lat' dir='ltr'>te</span> <span class='ocrx_word' id='word_1_148' title='bbox 832 1809 942 1837; x_wconf 90' lang='lat' dir='ltr'>mea.</span> <span class='ocrx_word' id='word_1_149' title='bbox 983 1794 1207 1850; x_wconf 66' lang='lat' dir='ltr'>Optoque4</span> <span class='ocrx_word' id='word_1_150' title='bbox 1240 1796 1369 1837; x_wconf 89' lang='lat' dir='ltr'>etiam</span> <span class='ocrx_word' id='word_1_151' title='bbox 1392 1795 1468 1836; x_wconf 90' lang='lat' dir='ltr'>tibi</span> <span class='ocrx_word' id='word_1_152' title='bbox 1495 1795 1666 1849; x_wconf 89' lang='lat' dir='ltr'>quidem</span> <span class='ocrx_word' id='word_1_153' title='bbox 1689 1795 1821 1837; x_wconf 56' lang='lat' dir='ltr'>victor</span> 
     </span>
     <span class='ocr_line' id='line_1_22' title="bbox 328 1865 1821 1920; baseline 0.001 -14"><span class='ocrx_word' id='word_1_154' title='bbox 328 1866 414 1907; x_wconf 89' lang='lat' dir='ltr'>rias</span> <span class='ocrx_word' id='word_1_155' title='bbox 447 1866 630 1919; x_wconf 83' lang='lat' dir='ltr'>posthac</span> <span class='ocrx_word' id='word_1_156' title='bbox 674 1867 802 1920; x_wconf 89' lang='lat' dir='ltr'>longe</span> <span class='ocrx_word' id='word_1_157' title='bbox 836 1866 1035 1918; x_wconf 89' lang='lat' dir='ltr'>maiores,</span> <span class='ocrx_word' id='word_1_158' title='bbox 1080 1867 1217 1908; x_wconf 91' lang='lat' dir='ltr'>amico</span> <span class='ocrx_word' id='word_1_159' title='bbox 1251 1872 1407 1912; x_wconf 55' lang='lat' dir='ltr'>autem,</span> <span class='ocrx_word' id='word_1_160' title='bbox 1428 1865 1443 1888; x_wconf 68' lang='lat'>5</span> <span class='ocrx_word' id='word_1_161' title='bbox 1474 1880 1570 1908; x_wconf 91' lang='lat' dir='ltr'>meo</span> <span class='ocrx_word' id='word_1_162' title='bbox 1609 1866 1821 1908; x_wconf 88' lang='lat' dir='ltr'>beneficia</span> 
     </span>
     <span class='ocr_line' id='line_1_23' title="bbox 329 1936 1820 1980; baseline 0.001 -3"><span class='ocrx_word' id='word_1_163' title='bbox 329 1936 511 1978; x_wconf 87' lang='lat' dir='ltr'>subinde</span> <span class='ocrx_word' id='word_1_164' title='bbox 544 1937 754 1979; x_wconf 70' lang='lat' dir='ltr'>minora.⁶</span> <span class='ocrx_word' id='word_1_165' title='bbox 789 1938 844 1979; x_wconf 86' lang='lat' dir='ltr'>Ut</span> <span class='ocrx_word' id='word_1_166' title='bbox 878 1936 945 1979; x_wconf 91' lang='lat' dir='ltr'>cui</span> <span class='ocrx_word' id='word_1_167' title='bbox 977 1937 1221 1979; x_wconf 86' lang='lat' dir='ltr'>libertatem</span> <span class='ocrx_word' id='word_1_168' title='bbox 1255 1938 1560 1980; x_wconf 90' lang='lat' dir='ltr'>beneficiorum</span> <span class='ocrx_word' id='word_1_169' title='bbox 1593 1937 1820 1978; x_wconf 82' lang='lat' dir='ltr'>maximum</span> 
     </span>
    </p>
   </div>
   <div class='ocr_carea' id='block_1_5' title="bbox 330 2008 1822 2123">
    <p class='ocr_par' dir='ltr' id='par_1_5' title="bbox 330 2008 1822 2123">
     <span class='ocr_line' id='line_1_24' title="bbox 330 2008 1822 2063; baseline 0.001 -15"><span class='ocrx_word' id='word_1_170' title='bbox 330 2008 558 2058; x_wconf 86' lang='lat' dir='ltr'>contulisti,</span> <span class='ocrx_word' id='word_1_171' title='bbox 576 2022 661 2050; x_wconf 92' lang='lat' dir='ltr'>non</span> <span class='ocrx_word' id='word_1_172' title='bbox 680 2008 927 2063; x_wconf 88' lang='lat' dir='ltr'>dedigneris</span> <span class='ocrx_word' id='word_1_173' title='bbox 945 2016 1184 2063; x_wconf 81' lang='lat' dir='ltr'>praeterea,</span> <span class='ocrx_word' id='word_1_174' title='bbox 1206 2009 1241 2050; x_wconf 90' lang='lat' dir='ltr'>si</span> <span class='ocrx_word' id='word_1_175' title='bbox 1257 2023 1327 2051; x_wconf 90' lang='lat' dir='ltr'>res</span> <span class='ocrx_word' id='word_1_176' title='bbox 1346 2009 1640 2063; x_wconf 70' lang='lat' dir='ltr'>postulaverit,</span> <span class='ocrx_word' id='word_1_177' title='bbox 1659 2009 1822 2051; x_wconf 89' lang='lat' dir='ltr'>leviora</span> 
     </span>
     <span class='ocr_line' id='line_1_25' title="bbox 330 2078 1417 2123; baseline 0.003 -4"><span class='ocrx_word' id='word_1_178' title='bbox 330 2078 536 2120; x_wconf 88' lang='lat' dir='ltr'>conferre.</span> <span class='ocrx_word' id='word_1_179' title='bbox 569 2080 691 2121; x_wconf 89' lang='lat' dir='ltr'>XIIII</span> <span class='ocrx_word' id='word_1_180' title='bbox 725 2080 937 2123; x_wconf 89' lang='lat' dir='ltr'>Octobris.</span> <span class='ocrx_word' id='word_1_181' title='bbox 972 2078 1096 2122; x_wconf 73' lang='lat'>1487.</span> <span class='ocrx_word' id='word_1_182' title='bbox 1131 2079 1417 2122; x_wconf 74' lang='lat' dir='ltr'>Florentiae.⁷</span> 
     </span>
    </p>
   </div>
   <div class='ocr_carea' id='block_1_6' title="bbox 465 2288 1685 2330">
    <p class='ocr_par' dir='ltr' id='par_1_6' title="bbox 465 2288 1685 2330">
     <span class='ocr_line' id='line_1_26' title="bbox 465 2288 1685 2330; baseline 0 -6"><span class='ocrx_word' id='word_1_183' title='bbox 465 2288 699 2326; x_wconf 83' lang='lat' dir='ltr'>Marsilius</span> <span class='ocrx_word' id='word_1_184' title='bbox 725 2290 916 2326; x_wconf 82' lang='lat' dir='ltr'>Ficinus</span> <span class='ocrx_word' id='word_1_185' title='bbox 942 2290 1193 2326; x_wconf 83' lang='lat' dir='ltr'>Francisco</span> <span class='ocrx_word' id='word_1_186' title='bbox 1221 2288 1434 2325; x_wconf 84' lang='lat' dir='ltr'>Bandino</span> <span class='ocrx_word' id='word_1_187' title='bbox 1463 2288 1502 2325; x_wconf 89' lang='lat' dir='ltr'>S.</span> <span class='ocrx_word' id='word_1_188' title='bbox 1529 2288 1575 2324; x_wconf 92' lang='lat' dir='ltr'>P.</span> <span class='ocrx_word' id='word_1_189' title='bbox 1603 2288 1655 2330; x_wconf 76' lang='lat' dir='ltr'>D,</span> <span class='ocrx_word' id='word_1_190' title='bbox 1673 2289 1685 2308; x_wconf 41' lang='grc' dir='ltr'>δ’</span> 
     </span>
    </p>
   </div>
   <div class='ocr_carea' id='block_1_7' title="bbox 327 2398 1819 2667">
    <p class='ocr_par' dir='ltr' id='par_1_7' title="bbox 327 2398 1819 2667">
     <span class='ocr_line' id='line_1_27' title="bbox 447 2398 1819 2454; baseline 0 -14"><span class='ocrx_word' id='word_1_191' title='bbox 447 2399 728 2454; x_wconf 89' lang='lat' dir='ltr'>Pandolphus</span> <span class='ocrx_word' id='word_1_192' title='bbox 749 2400 763 2422; x_wconf 64' lang='lat'><em>⁹</em></span> <span class='ocrx_word' id='word_1_193' title='bbox 804 2401 1075 2442; x_wconf 87' lang='lat' dir='ltr'>Pisaurensis</span> <span class='ocrx_word' id='word_1_194' title='bbox 1108 2401 1171 2442; x_wconf 89' lang='lat' dir='ltr'>vir</span> <span class='ocrx_word' id='word_1_195' title='bbox 1203 2400 1453 2454; x_wconf 88' lang='lat' dir='ltr'>praeclarus</span> <span class='ocrx_word' id='word_1_196' title='bbox 1485 2398 1718 2440; x_wconf 87' lang='lat' dir='ltr'>innumeris</span> <span class='ocrx_word' id='word_1_197' title='bbox 1751 2411 1819 2440; x_wconf 88' lang='lat' dir='ltr'>me</span> 
     </span>
     <span class='ocr_line' id='line_1_28' title="bbox 327 2470 1817 2513; baseline -0.001 -2"><span class='ocrx_word' id='word_1_198' title='bbox 327 2478 399 2512; x_wconf 87' lang='lat' dir='ltr'>tuo</span> <span class='ocrx_word' id='word_1_199' title='bbox 433 2471 602 2513; x_wconf 90' lang='lat' dir='ltr'>nomine</span> <span class='ocrx_word' id='word_1_200' title='bbox 637 2471 968 2513; x_wconf 83' lang='lat' dir='ltr'>salutationibus</span> <span class='ocrx_word' id='word_1_201' title='bbox 1001 2472 1152 2513; x_wconf 89' lang='lat' dir='ltr'>obruit.</span> <span class='ocrx_word' id='word_1_202' title='bbox 1188 2472 1310 2512; x_wconf 89' lang='lat' dir='ltr'>Tunc</span> <span class='ocrx_word' id='word_1_203' title='bbox 1332 2484 1433 2512; x_wconf 78' lang='lat' dir='ltr'>vero</span> <span class='ocrx_word' id='word_1_204' title='bbox 1456 2470 1639 2511; x_wconf 81' lang='lat' dir='ltr'>maxime</span> <span class='ocrx_word' id='word_1_205' title='bbox 1672 2482 1817 2510; x_wconf 86' lang='lat' dir='ltr'>veram</span> 
     </span>
     <span class='ocr_line' id='line_1_29' title="bbox 328 2540 1817 2596; baseline -0.001 -14"><span class='ocrx_word' id='word_1_206' title='bbox 328 2542 429 2583; x_wconf 87' lang='lat' dir='ltr'>mihi</span> <span class='ocrx_word' id='word_1_207' title='bbox 463 2543 644 2583; x_wconf 89' lang='lat' dir='ltr'>salutem</span> <span class='ocrx_word' id='word_1_208' title='bbox 668 2543 784 2595; x_wconf 74' lang='lat' dir='ltr'>dixit,</span> <span class='ocrx_word' id='word_1_209' title='bbox 821 2543 990 2596; x_wconf 84' lang='lat' dir='ltr'>quando</span> <span class='ocrx_word' id='word_1_210' title='bbox 1026 2543 1142 2595; x_wconf 80' lang='lat' dir='ltr'>dixit,</span> <span class='ocrx_word' id='word_1_211' title='bbox 1178 2556 1275 2584; x_wconf 88' lang='lat' dir='ltr'>esse</span> <span class='ocrx_word' id='word_1_212' title='bbox 1306 2550 1348 2584; x_wconf 87' lang='lat' dir='ltr'>te</span> <span class='ocrx_word' id='word_1_213' title='bbox 1383 2542 1547 2583; x_wconf 88' lang='lat' dir='ltr'>salvum</span> <span class='ocrx_word' id='word_1_214' title='bbox 1577 2548 1619 2582; x_wconf 89' lang='lat' dir='ltr'>et</span> <span class='ocrx_word' id='word_1_215' title='bbox 1644 2540 1817 2594; x_wconf 87' lang='lat' dir='ltr'>egregie</span> 
     </span>
     <span class='ocr_line' id='line_1_30' title="bbox 329 2612 1816 2667; baseline -0.002 -12"><span class='ocrx_word' id='word_1_216' title='bbox 329 2614 506 2664; x_wconf 82' lang='lat' dir='ltr'>salvum,</span> <span class='ocrx_word' id='word_1_217' title='bbox 548 2620 675 2667; x_wconf 89' lang='lat' dir='ltr'>atque</span> <span class='ocrx_word' id='word_1_218' title='bbox 709 2615 763 2656; x_wconf 87' lang='lat' dir='ltr'>ab</span> <span class='ocrx_word' id='word_1_219' title='bbox 796 2614 954 2656; x_wconf 87' lang='lat' dir='ltr'>invicto</span> <span class='ocrx_word' id='word_1_220' title='bbox 1000 2614 1251 2655; x_wconf 86' lang='lat' dir='ltr'>Pannoniae</span> <span class='ocrx_word' id='word_1_221' title='bbox 1285 2627 1387 2667; x_wconf 91' lang='lat' dir='ltr'>rege</span> <span class='ocrx_word' id='word_1_222' title='bbox 1431 2613 1600 2666; x_wconf 87' lang='lat' dir='ltr'>magnis</span> <span class='ocrx_word' id='word_1_223' title='bbox 1638 2612 1816 2665; x_wconf 82' lang='lat' dir='ltr'>legatio-</span> 
     </span>
    </p>
   </div>
   <div class='ocr_carea' id='block_1_8' title="bbox 326 2787 1817 2952">
    <p class='ocr_par' dir='ltr' id='par_1_8' title="bbox 326 2787 1817 2952">
     <span class='ocr_line' id='line_1_31' title="bbox 451 2787 1814 2833; baseline -0.001 -11"><span class='ocrx_word' id='word_1_224' title='bbox 451 2789 458 2807; x_wconf 89' lang='lat'>¹</span> <span class='ocrx_word' id='word_1_225' title='bbox 485 2792 545 2823; x_wconf 80' lang='lat' dir='ltr'>vet</span> <span class='ocrx_word' id='word_1_226' title='bbox 572 2789 614 2822; x_wconf 79' lang='lat' dir='ltr'>F.</span> <span class='ocrx_word' id='word_1_227' title='bbox 666 2789 775 2823; x_wconf 65' lang='lat' dir='ltr'>¹·&#39;Vale</span> <span class='ocrx_word' id='word_1_228' title='bbox 800 2789 973 2833; x_wconf 70' lang='lat' dir='ltr'>hianyzik</span> <span class='ocrx_word' id='word_1_229' title='bbox 999 2789 1130 2823; x_wconf 86' lang='lat' dir='ltr'>F-ben.</span> <span class='ocrx_word' id='word_1_230' title='bbox 1175 2788 1187 2807; x_wconf 81' lang='lat'>³</span> <span class='ocrx_word' id='word_1_231' title='bbox 1213 2788 1454 2823; x_wconf 59' lang='lat' dir='ltr'>Florentinus</span> <span class='ocrx_word' id='word_1_232' title='bbox 1479 2787 1652 2832; x_wconf 75' lang='lat' dir='ltr'>hianyzik</span> <span class='ocrx_word' id='word_1_233' title='bbox 1678 2787 1814 2822; x_wconf 84' lang='lat' dir='ltr'>H-ban.</span> 
     </span>
     <span class='ocr_line' id='line_1_32' title="bbox 327 2846 1817 2892; baseline -0.001 -11"><span class='ocrx_word' id='word_1_234' title='bbox 327 2859 361 2891; x_wconf 90' lang='lat' dir='ltr'>p.</span> <span class='ocrx_word' id='word_1_235' title='bbox 390 2848 469 2882; x_wconf 76' lang='lat'>885.</span> <span class='ocrx_word' id='word_1_236' title='bbox 515 2848 527 2866; x_wconf 75' lang='lat'>4</span> <span class='ocrx_word' id='word_1_237' title='bbox 555 2847 737 2892; x_wconf 84' lang='lat' dir='ltr'>Optoquin</span> <span class='ocrx_word' id='word_1_238' title='bbox 765 2848 805 2881; x_wconf 80' lang='lat' dir='ltr'>F.</span> <span class='ocrx_word' id='word_1_239' title='bbox 853 2848 865 2866; x_wconf 71' lang='lat'>⁵</span> <span class='ocrx_word' id='word_1_240' title='bbox 893 2852 975 2883; x_wconf 89' lang='lat' dir='ltr'>ante</span> <span class='ocrx_word' id='word_1_241' title='bbox 1004 2848 1052 2882; x_wconf 88' lang='grc' dir='ltr'>Η.</span> <span class='ocrx_word' id='word_1_242' title='bbox 1100 2847 1112 2866; x_wconf 74' lang='lat'><strong>⁶</strong></span> <span class='ocrx_word' id='word_1_243' title='bbox 1139 2849 1276 2882; x_wconf 89' lang='lat' dir='ltr'>maiora</span> <span class='ocrx_word' id='word_1_244' title='bbox 1302 2848 1351 2882; x_wconf 80' lang='lat' dir='ltr'>H.</span> <span class='ocrx_word' id='word_1_245' title='bbox 1407 2848 1418 2868; x_wconf 84' lang='lat'><strong><em>⁷</em></strong></span> <span class='ocrx_word' id='word_1_246' title='bbox 1445 2858 1466 2882; x_wconf 83' lang='lat' dir='ltr'>a</span> <span class='ocrx_word' id='word_1_247' title='bbox 1492 2847 1617 2882; x_wconf 77' lang='lat' dir='ltr'>datum</span> <span class='ocrx_word' id='word_1_248' title='bbox 1643 2846 1817 2891; x_wconf 78' lang='lat' dir='ltr'>hianyzik</span> 
     </span>
     <span class='ocr_line' id='line_1_33' title="bbox 326 2906 1477 2952; baseline 0 -12"><span class='ocrx_word' id='word_1_249' title='bbox 326 2907 463 2941; x_wconf 41' lang='lat' dir='ltr'>H-ban,</span> <span class='ocrx_word' id='word_1_250' title='bbox 518 2910 531 2924; x_wconf 73' lang='lat'>&#39;⁴</span> <span class='ocrx_word' id='word_1_251' title='bbox 556 2907 594 2941; x_wconf 89' lang='lat' dir='ltr'>P.</span> <span class='ocrx_word' id='word_1_252' title='bbox 623 2907 781 2952; x_wconf 69' lang='lat' dir='ltr'>hanyzik</span> <span class='ocrx_word' id='word_1_253' title='bbox 808 2907 938 2942; x_wconf 85' lang='lat' dir='ltr'>F-ben.</span> <span class='ocrx_word' id='word_1_254' title='bbox 967 2919 1000 2951; x_wconf 90' lang='lat' dir='ltr'>p.</span> <span class='ocrx_word' id='word_1_255' title='bbox 1029 2908 1107 2941; x_wconf 72' lang='lat'><strong>886.</strong></span> <span class='ocrx_word' id='word_1_256' title='bbox 1160 2908 1172 2925; x_wconf 44' lang='grc' dir='ltr'><strong>Β</strong></span> <span class='ocrx_word' id='word_1_257' title='bbox 1197 2907 1400 2941; x_wconf 86' lang='lat' dir='ltr'>Pandolfus</span> <span class='ocrx_word' id='word_1_258' title='bbox 1426 2906 1477 2940; x_wconf 81' lang='lat' dir='ltr'>H.</span> 
     </span>
    </p>
   </div>
  </div>
 </body>
</html>
