1898 3278
1538 138 1583 170 43

100 291 184 330 que
218 278 346 319 horas
374 278 578 319 bonarum
599 278 750 318 artium
774 278 926 328 studiis
948 278 1215 332 impendens,
1249 279 1308 320 ita
1340 279 1470 320 vitam
1490 293 1583 333 pro-

102 348 331 390 ducis...
379 349 443 389 Tu
489 348 746 389 eruditorum
790 348 1137 390 benevolentiam
1182 349 1372 391 studiose
1418 350 1584 404 expetis

103 419 435 471 muneribusque
482 418 696 460 concilias.
729 418 881 459 Nullus
913 419 955 459 in
988 420 1113 460 Italia
1155 420 1389 460 litterarum
1426 420 1585 461 littera-

101 496 324 542 torumque
370 489 516 530 altrice
550 502 600 530 ac
632 495 810 542 parente
857 496 923 530 est
955 489 1186 530 studiorum
1226 491 1419 531 claritate
1457 491 1586 544 paulo

104 561 324 611 celebrior,
359 560 429 613 qui
462 573 546 601 non
580 560 655 600 tibi
688 560 741 600 sit
774 560 952 613 glutinio
987 561 1198 602 amicit-iae
1238 562 1474 614 copulatus.
1521 562 1587 601 Tu

103 645 169 673 me
214 631 392 686 perinde
437 644 487 672 ac
531 631 575 671 in
608 630 759 671 studiis
804 631 1082 672 humanitatis
1127 644 1267 684 neque
1312 638 1585 685 postremum,

102 716 242 756 neque
274 703 347 743 imi
380 702 574 743 subsellii
618 702 907 756 professorem
953 702 1200 743 muneribus
1241 715 1287 743 es
1320 708 1586 755 prosecutus.

103 774 169 814 Tu
201 773 256 814 ad
289 786 356 813 me
401 772 575 814 crebras
606 773 772 814 litteras
806 772 975 823 dedisti,
1010 786 1106 825 quo,
1152 773 1223 813 Dii
1255 772 1381 824 bona,
1415 773 1586 826 leporel

103 857 188 897 qua
219 843 443 885 verborum
476 849 604 895 atque
638 843 945 884 sententiarum
978 844 1237 884 amoenitate
1270 843 1587 894 refertissimas,

103 928 277 969 prorsus
309 922 354 955 ut
386 914 604 968 perfectus
638 920 788 955 orator.
822 914 887 955 Tu
920 914 975 955 ad
1007 928 1074 956 me
1107 915 1239 956 veluti
1262 915 1317 956 ad
1339 921 1588 968 praecepto-

103 999 193 1027 rem
225 999 363 1038 neque
398 985 584 1026 moribus
618 997 756 1037 neque
791 985 986 1026 doctrina
1018 986 1321 1039 poenitendum
1365 986 1591 1027 destinasti

104 1058 374 1099 necessarios
408 1056 641 1110 discipulos
674 1061 719 1096 ut
752 1055 956 1097 doctrinis
991 1056 1294 1110 expolirentur,
1330 1064 1372 1097 et
1410 1056 1590 1097 dolatrio

105 1129 375 1182 eloquentiae
395 1128 696 1181 levigarentur,
716 1128 827 1168 inter
845 1140 951 1179 quos
970 1127 1127 1168 eminet
1143 1128 1326 1168 Michael
1346 1127 1589 1175 Cheserius,

104 1214 186 1253 quo
219 1200 262 1240 in
296 1212 428 1253 puero
472 1197 650 1239 mirifica
693 1198 860 1239 indoles
904 1198 1071 1239 virtutis
1118 1206 1310 1253 apparet⁷
1357 1206 1399 1239 et
1430 1198 1593 1251 ingenii

104 1273 246 1313 lumen
281 1272 499 1323 elucescit,
546 1272 617 1324 qui
651 1271 705 1312 ad
739 1271 990 1313 comendam
1036 1272 1226 1325 linguam
1260 1280 1301 1312 et
1335 1270 1592 1325 capiendum

104 1342 334 1384 facundiae
368 1343 525 1384 cultum
559 1356 657 1383 esse
691 1342 849 1396 oppido
884 1356 1010 1395 quam
1034 1343 1199 1395 docilis,
1234 1342 1350 1383 haud
1380 1355 1592 1395 quaquam

102 1413 374 1468 degenerans
407 1427 432 1454 a
463 1419 640 1467 parente
687 1413 909 1467 Stephano
956 1413 1158 1455 Cheserio
1200 1414 1289 1455 viro
1337 1413 1588 1463 clarissimo,

105 1485 177 1537 qui
210 1485 262 1526 ob
296 1484 550 1538 probitatem
596 1491 724 1537 atque
757 1484 954 1526 virtutem
989 1485 1077 1538 agit
1109 1485 1204 1526 istic
1236 1484 1593 1538 Vicepalatinum„

106 1556 220 1609 quod
252 1569 407 1596 nomen
441 1562 506 1596 est
544 1555 844 1609 praefecturae
876 1555 919 1595 in
952 1555 1176 1596 Pannonia
1221 1555 1593 1605 honoratissimae,

105 1627 340 1679 tertiasque
374 1640 399 1666 a
431 1640 533 1679 rege
568 1626 789 1679 dignitatis
822 1633 967 1680 partes
1001 1627 1123 1679 gerit.
1163 1626 1364 1679 Magnum
1399 1639 1480 1679 ego
1514 1625 1595 1666 1100

108 1698 232 1750 duco⁷
279 1697 392 1750 quod
438 1697 764 1751 archiepiscopo
798 1698 997 1749 maximo,
1042 1697 1405 1750 eloquentissimo,
1449 1702 1596 1737 nostra

109 1769 499 1821 quantulacumque
519 1774 585 1810 est
605 1768 799 1809 doctrina
820 1782 905 1810 non
927 1768 1083 1809 sordet.
1108 1769 1296 1809 Huiusce
1320 1774 1464 1809 autem
1484 1768 1595 1808 inter

108 1853 187 1881 nos
219 1839 410 1881 florentis
443 1840 485 1880 in
519 1839 610 1880 dies
644 1840 856 1881 amicitiae
892 1839 1142 1880 conciliator
1175 1846 1217 1881 et
1240 1839 1361 1892 quasi
1389 1838 1595 1891 congluti-

106 1916 230 1952 nator
252 1910 331 1951 fuit
356 1910 591 1964 discipulus
614 1924 733 1951 meus
757 1911 982 1964 Philippus
1005 1910 1192 1964 Cylanus
1214 1910 1380 1951 iuvenis
1404 1909 1595 1963 apprime

106 1982 262 2023 nobilis
295 1987 337 2023 et
355 1983 549 2035 impense
572 1981 736 2031 doctus,
766 1982 837 2034 qui
863 1995 965 2022 auro
989 1981 1231 2035 pannonico
1264 1994 1428 2022 merces
1456 1980 1596 2023 latias,

107 2053 189 2094 1100
223 2059 288 2094 est
319 2053 570 2093 litterariam
604 2053 926 2107 supellectilem,
960 2066 1044 2104 qua
1075 2052 1180 2093 nihil
1203 2051 1453 2106 preciosius,
1485 2064 1594 2092 com-

108 2124 287 2178 paravit,
322 2130 364 2165 et
385 2124 466 2165 hac
498 2124 684 2178 politiori
718 2124 954 2164 eruditione
977 2124 1251 2176 suffragatus7
1279 2122 1594 2176 pigmentisque

108 2195 304 2236 oratoriis
337 2195 447 2236 bene
481 2195 710 2245 coloratus,
755 2195 798 2235 in
832 2195 1013 2248 patriam
1046 2195 1102 2235 ad
1136 2207 1236 2235 suos
1276 2194 1495 2234 remeavit.
1542 2193 1596 2233 Et

109 2278 215 2306 sane
248 2279 314 2306 me
348 2265 571 2319 plurimum
604 2266 721 2307 iuvat
755 2279 849 2306 cum
883 2278 936 2306 ex
968 2264 1192 2318 gymnasio
1226 2272 1350 2305 nosto
1389 2264 1595 2305 litterario

109 2336 394 2377 scholasticos
428 2336 648 2390 conspicio
681 2350 765 2377 non
790 2336 925 2377 solum
961 2337 1264 2386 cismontanOS,
1298 2348 1444 2376 verum
1468 2335 1594 2375 etiam

109 2412 456 2447 transmontanos
488 2406 657 2447 nobiles
678 2407 993 2460 complusculos
1016 2406 1127 2447 bene
1148 2406 1341 2446 literatos
1367 2405 1593 2460 prodiisse,

111 2477 384 2529 quotidieque
418 2477 586 2531 prodire
620 2486 851 2531 repurgata
882 2477 1122 2530 linguarum
1155 2476 1361 2529 vitiligine
1396 2476 1593 2528 omnique

111 2547 285 2589 detersa
315 2548 526 2589 barbarie.
