1919 3273
323 138 393 171 364

322 350 396 393 Ad
417 351 597 393 eumdem
620 349 764 392 divum
795 348 1094 391 Vuladz'slaum
1114 345 1343 402 Hunyarz'e
1363 360 1411 389 ac
1432 344 1633 387 Bohemie
1653 344 1811 400 Regem

322 421 527 465 Sereniss.
566 420 874 476 potentissque
924 419 1105 462 Carmen
1152 417 1345 473 lyricam,
1393 416 1468 470 qui
1510 417 1617 458 alter
1653 415 1812 458 Caesar

787 497 959 535 vocatur
991 491 1038 534 ob
1071 490 1162 533 eius
1193 488 1357 531 merita.

539 625 629 666 Iam
662 623 816 665 cohors
849 622 977 664 docto
1010 626 1210 662 naturata
1242 618 1432 668 Phoebo,

609 695 748 736 Dulce
781 693 956 735 lascivis
989 692 1191 742 numeris,
1224 697 1396 732 tenores

609 766 835 808 Paululum
868 776 1030 817 quaeso
1064 768 1238 804 tenuate
1272 761 1393 808 Musc

669 837 869 890 Principe
903 848 1045 877 sevos,

433 932 455 965 5
541 922 708 975 Agmen
740 920 783 960 in
816 919 962 974 primis
997 918 1134 971 elegis
1169 917 1324 968 dicata,

615 991 820 1046 Supplico
853 990 970 1045 giros
1003 989 1123 1032 varia
1155 988 1354 1039 minores,

613 1064 734 1116 Aque
758 1060 802 1116 (1)
833 1060 1052 1103 truncabis
1075 1058 1128 1113 (22)
1155 1058 1352 1115 placidus
1379 1058 1534 1099 Thalia

672 1135 754 1175 Pro
788 1133 896 1175 duce
929 1144 1118 1186 gressus.

544 1218 600 1259 Ut
632 1217 838 1270 frequens
871 1228 1002 1269 passo
1037 1213 1224 1255 studium
1257 1213 1431 1255 solebas

415 1300 460 1334 10
616 1288 781 1340 Redde,
815 1286 1013 1329 nocturni
1044 1285 1284 1339 vigilesque
1319 1297 1442 1326 curas

617 1358 840 1410 Carminis,
874 1358 1028 1412 longos
1061 1357 1219 1399 totiens
1251 1356 1424 1398 labores

675 1431 874 1484 Principe
908 1430 1007 1472 vati.

546 1514 637 1556 Ista
670 1513 918 1568 dependent
949 1513 1157 1553 Helicone
1192 1516 1370 1561 tantum,

617 1585 785 1627 Iuribus
818 1584 973 1626 vestris
1006 1583 1147 1625 fateor
1178 1588 1344 1637 poetas,

417 1669 462 1702 15
618 1658 672 1698 Et
704 1656 787 1698 frui
820 1656 946 1698 sertis
979 1654 1189 1708 viridique
1223 1653 1403 1708 myrtho,

679 1727 936 1780 Frondeque
971 1726 1200 1780 Thymbre.

549 1813 662 1854 Ecce
696 1812 781 1853 iam
813 1817 958 1852 nostre
992 1809 1176 1851 monitor
1209 1809 1397 1850 Camene

623 1883 768 1937 Surgit
799 1882 994 1936 Augusto
1027 1893 1265 1934 generosus
1299 1893 1370 1920 ore

623 1954 796 2005 Caesar,
831 1960 874 1995 et
905 1953 1022 2007 puris
1055 1952 1283 1993 comitatus
1315 1950 1476 1992 umbris

416 2037 463 2071 20
677 2026 891 2067 Provocat
924 2030 1058 2065 antra.

550 2109 631 2150 Hic
664 2108 819 2163 premit
850 2114 950 2149 voto
983 2106 1203 2161 propriore
1235 2106 1445 2160 plectrum

627 2180 835 2222 Cantibus
868 2179 1090 2232 Princeps,
1124 2178 1369 2231 pariterque
1401 2176 1493 2216 iura

624 2252 712 2293 Dat
743 2250 880 2302 novis,
914 2262 1065 2292 versus
1098 2249 1333 2301 Latiosque
1366 2247 1503 2288 maius

683 2322 841 2364 Reddit
872 2322 1001 2363 Iulus.

420 2418 468 2452 25
553 2408 615 2449 Te
651 2406 741 2448 sine
776 2419 799 2447 o
834 2405 996 2446 Caesar
1028 2403 1181 2445 studiis
1213 2401 1378 2443 Latinis

625 2477 811 2519 Tardius
844 2477 1002 2517 Rector
1033 2474 1163 2528 getici
1194 2473 1370 2526 liquoris

624 2548 865 2590 Tradderet
889 2546 936 2599 (Ι)
960 2559 1129 2597 numen,
1161 2544 1477 2598 Cytharamque
1500 2541 1616 2583 nullo

684 2620 862 2661 Pectine
896 2618 1069 2659 fulvam.

555 2704 645 2745 Iam
677 2702 777 2745 veni
810 2701 972 2743 Caesar
1005 2698 1150 2753 cupidi
1181 2711 1418 2753 precamur,

425 2786 472 2820 30
630 2773 664 2815 Ο
700 2774 811 2816 diem
844 2773 1001 2813 festum
1034 2778 1108 2812 tua
1140 2770 1264 2811 Buda
1297 2769 1423 2820 dicet,

628 2845 682 2886 Et
714 2851 810 2886 tuas
842 2843 995 2885 laudes
1028 2841 1280 2883 memorabit
1311 2841 1465 2894 ingens

689 2916 834 2958 Turba
866 2914 1116 2955 Bohemum.
