1919 3273
273 108 339 140 512

294 310 349 342 45.
376 309 588 353 Epitaphia
612 310 717 344 Pauli
749 310 903 346 Iunioris
941 312 1232 347 Novocomensis
1263 313 1300 347 in
1329 313 1518 348 Matthiam
1543 314 1626 349 Cor-

552 370 675 403 vinum
701 371 841 415 Regem
899 399 1622 409 .............

495 429 567 463 Titi
594 428 745 464 Strozae
772 441 837 474 pro
863 431 1014 465 Matthia
1040 432 1141 476 Rege
1170 432 1352 476 Ungariae
1376 461 1622 468 .....

495 487 647 523 Antonii
674 489 901 525 Theobaldei
928 491 1163 535 Epitaphium
1189 491 1365 526 Matthiae
1397 491 1567 527 Corvini.
1620 521 1626 527 .

492 549 646 583 Miehael
671 550 842 585 Marullus
882 551 926 584 de
953 551 1103 585 Matthia
1131 550 1289 586 Corvino
1328 561 1416 597 rege
1443 552 1625 597 Ungariae

290 608 345 641 46.
373 607 625 651 Epitaphium
651 609 687 642 in
712 609 884 643 Mathiam
901 637 1623 646 .............

290 668 346 700 47.
399 687 441 691 —
493 669 529 701 in
555 668 781 703 Ludovioum
811 670 1012 704 seeundum
1076 698 1622 706 ..........

288 728 343 761 48.
371 727 496 762 Faber
522 728 764 771 (Uldarieus):
792 730 852 763 Ad
880 730 1081 773 Gasparem
1107 730 1239 775 Banffy
1255 758 1620 765 .......

289 788 343 820 49.
395 807 439 811 —
491 788 732 829 (Uldarious):
762 789 821 823 Ad
836 789 1033 834 Georgium
1050 789 1195 824 Sereed.
1224 789 1398 831 Viennae,
1420 789 1618 824 MDXVIII.

289 847 342 880 50.
371 846 541 883 Garzoni
579 847 787 893 (Ioannes):
831 848 952 883 Oratio
979 849 1144 884 funebris
1171 860 1237 892 pro
1263 859 1350 894 rege
1378 849 1523 883 Mathia.
1566 849 1619 883 Ex

549 908 686 943 codiee.
713 909 937 944 Bononiensi
964 913 1133 953 excerpta
1194 935 1618 943 ........

287 967 341 1000 51.
370 964 564 1001 Guarinus
590 968 780 1012 Baptistae
808 969 1079 1011 <Veronensis):
1107 969 1293 1003 Praefatio
1316 969 1362 1002 ad
1382 968 1546 1003 libellum
1573 969 1618 1003 de

548 1028 673 1062 ordine
700 1028 857 1062 docendi
883 1032 919 1063 et
940 1029 1136 1064 studiendi.
1162 1029 1348 1068 Ferrarae,
1365 1026 1617 1062 MCCCCLIX.

286 1086 340 1119 52.
369 1085 583 1121 Gundelius
598 1087 832 1131 (Philippus):
860 1088 920 1121 Ad
936 1087 1210 1132 Cuspinianum.
1231 1088 1405 1129 Viennae,
1421 1086 1617 1120 MDXVIII.

287 1146 340 1178 53.
368 1146 561 1189 Hagynias
599 1148 814 1189 (Matheus):
858 1146 919 1181 Ad
945 1148 1198 1192 Arbogastum
1232 1148 1402 1191 loquitur.
1443 1145 1618 1188 Viennae,

546 1206 665 1241 MDXI
670 1233 1617 1243 .................

285 1268 339 1300 54.
368 1266 530 1301 Hatzius
549 1268 734 1306 (Martinus
762 1269 1072 1313 Transylvanus):
1100 1269 1160 1303 Ad
1184 1270 1368 1303 lectorem.
1396 1267 1437 1301 In
1456 1266 1617 1301 editione

544 1328 737 1371 Pomponii
762 1328 888 1363 Melae.
918 1327 1092 1372 Viennae,
1119 1328 1305 1362 MDXVIII
1310 1353 1614 1362 ......

285 1388 338 1421 55.
368 1386 555 1430 Kresling
594 1388 797 1426 (Ioannes'm
839 1388 959 1422 Oratio
987 1389 1033 1422 ad
1060 1388 1257 1433 Georgium
1298 1385 1617 1431 Quinqueecelesi-

545 1448 686 1483 ensium
714 1449 938 1492 episcopum.
971 1449 1123 1482 MDXVI
1128 1472 1612 1482 .........

283 1511 337 1543 56.
365 1510 493 1551 Logus
519 1508 724 1551 (Silesius):
763 1509 823 1542 Ad
849 1508 1119 1542 Ferdinandum
1157 1518 1282 1553 regem
1320 1509 1542 1544 Pannoniae.
1570 1533 1615 1537 —

543 1569 718 1610 Viennae,
746 1568 944 1602 MDXXIX.
1010 1595 1612 1608 ...........

283 1630 337 1664 57.
364 1630 516 1673 Magius
543 1630 834 1670 (Sebastianus):
876 1629 935 1663 Ad
964 1628 1162 1673 Georgium
1190 1629 1405 1673 episcopum
1434 1630 1614 1676 Quinque-

543 1690 834 1725 eeelesiensium.
849 1689 889 1723 In
905 1689 1103 1723 editionem
1118 1688 1194 1722 Iani
1208 1688 1398 1723 Pannonii.
1414 1689 1612 1727 Bononiae.

544 1749 706 1784 MDXHI.
773 1775 1610 1786 ...............

484 1811 724 1845 Sebastianus
751 1809 893 1854 Magius
919 1808 1065 1843 Lectori
1092 1809 1249 1842 salutem
1305 1836 1311 1841 .

484 1871 715 1915 Epigramma
742 1870 778 1903 in
805 1869 959 1903 eandem
987 1868 1185 1902 editionem
1245 1896 1609 1904 .......

282 1946 335 1978 58.
376 1943 633 1978 Mancinellus
685 1943 895 1984 (Antonius)
917 1954 922 1975 :
975 1941 1142 1975 Michaeli
1192 1940 1393 1975 Pannonio.
1458 1943 1607 1978 Romae.

542 2002 895 2037 MCCCCLXXXIX.
949 2029 955 2035 .
1009 2029 1015 2034 .
1068 2027 1073 2032 .
1127 2029 1133 2034 .
1187 2028 1192 2034 .
1247 2029 1252 2034 .
1307 2029 1312 2034 .
1367 2030 1372 2034 .
1425 2030 1431 2035 .
1484 2030 1490 2036 .
1544 2031 1550 2036 .
1604 2032 1610 2037 .

470 2064 654 2098 Antonius
680 2062 919 2096 Maneinellus
938 2061 1257 2104 praestantissimo
1285 2060 1362 2094 viro
1389 2061 1422 2095 J.
1445 2061 1486 2095 V.
1515 2072 1611 2097 sere-

540 2124 627 2157 niss.
647 2123 761 2167 Regis
786 2121 995 2166 Hungariae
1021 2121 1295 2164 Bohemiaeque
1323 2121 1457 2154 oratori
1476 2121 1611 2166 dignis-

542 2184 634 2217 simo
651 2207 1610 2216 .................

281 2246 334 2277 59.
363 2242 555 2277 Martinus
595 2241 898 2285 <Thyrnavinus):
941 2239 1162 2283 Opuseulum
1189 2239 1235 2273 ad
1260 2239 1363 2283 regni
1402 2239 1611 2284 Hungariae

540 2311 723 2345 proceres.
752 2299 905 2334 Carmen
931 2299 1214 2343 paraeneticum.
1243 2298 1295 2331 Ex
1323 2299 1448 2333 seculo
1476 2299 1573 2333 XV:

482 2361 616 2395 Uldriei
642 2360 750 2394 Fabri
776 2359 884 2393 Rheti
913 2357 1066 2392 Carmen
1094 2361 1150 2391 etc
1156 2385 1607 2392 .........

481 2422 539 2455 Ad
566 2419 924 2454 Reverendissimum
960 2418 1146 2452 dominum
1173 2417 1383 2451 Ladislaum
1410 2417 1610 2452 Zalkanum

481 2481 523 2514 M.
552 2481 591 2514 T.
625 2479 792 2513 Monaehi
819 2479 943 2512 Sancti
969 2477 1158 2511 Benedicti
1186 2477 1231 2510 ad
1259 2477 1375 2521 Regni
1401 2477 1610 2521 Hungariae

539 2540 727 2577 Proceres,
767 2539 866 2582 quod
905 2538 941 2571 in
968 2537 1148 2571 Thurcam
1187 2537 1283 2571 bella
1322 2547 1468 2571 movere
1495 2538 1611 2582 negli—

540 2603 641 2643 gunt.
668 2599 777 2633 Liber
801 2598 939 2642 primus
1005 2623 1607 2631 ...........

480 2659 588 2693 Liber
614 2659 798 2693 secundus
827 2684 1606 2691 ..............

484 2718 591 2752 Liber
616 2718 745 2751 tertius
768 2742 1606 2750 ...............

279 2790 333 2824 60.
362 2789 562 2824 Marsilius
589 2790 786 2828 (Fieinus):
815 2790 987 2822 Extracta
1013 2798 1056 2822 ex
1083 2787 1267 2831 operibus.

477 2849 629 2883 Nieolao
658 2849 841 2892 Episcopo
869 2847 1040 2881 Vaeiensi
1066 2850 1102 2881 et
1128 2847 1326 2881 Francisco
1353 2846 1518 2880 Bandino
1538 2873 1545 2880 .
1599 2873 1605 2879 .

479 2907 636 2942 Mathiae
651 2908 865 2942 felicissimo
881 2906 1090 2940 Pannoniae
1105 2906 1184 2950 regi
1201 2906 1237 2939 in
1252 2916 1343 2949 pace
1363 2905 1608 2946 securitatem,

1692 267 1766 302 Pag.

1701 435 1768 469 191

1705 495 1772 528 191

1702 554 1771 588 191

1703 613 1771 646 192

1698 672 1767 706 192

1699 732 1765 765 193

1695 792 1764 825 194

1694 910 1761 944 195

1692 1206 1759 1240 207

1690 1325 1759 1359 207

1689 1444 1758 1478 207

1689 1576 1757 1610 212

1687 1755 1755 1788 212

1686 1814 1755 1848 214

1685 1874 1753 1908 215

1687 2004 1755 2037 215

1686 2182 1754 2215 216
