1955 3278
349 98 416 132 260

348 323 417 358 400

350 680 418 713 405

352 1037 420 1070 410

352 1392 421 1426 415

352 1748 421 1783 420

353 2107 421 2140 425

354 2462 423 2496 430

355 2817 423 2850 435

468 241 659 283 Barbara
692 254 799 294 gens
832 241 988 293 turbat,
1025 241 1197 282 hostilia
1229 242 1317 283 tela
1350 242 1535 296 fatigant

526 313 655 354 Nulla
688 312 808 365 quies
842 312 1023 363 miseris,
1060 326 1151 353 sors
1184 312 1356 354 inimica
1387 313 1516 366 viget.

470 384 540 426 Sic
572 384 710 426 variat
742 383 913 425 fortuna
944 384 1061 426 vices
1096 384 1280 425 adversa
1314 384 1515 425 secundis

529 454 696 506 Subdit,
733 460 775 496 et
807 454 1007 508 ambiguo
1042 455 1213 495 numine
1246 454 1354 496 ludit
1387 461 1522 497 atrox.

469 525 504 569 O
537 526 644 567 deus
678 526 960 579 omnipotens,
995 525 1225 579 lachrymis
1259 525 1478 568 inflectere
1512 526 1683 577 nostris,

526 597 680 650 Daque
714 596 979 638 salutiferam
1013 595 1129 649 (nam
1162 595 1301 651 potes)
1335 597 1443 638 ultro
1478 611 1661 649 manum,

470 668 612 710 Obrue
644 668 729 709 iam
762 668 958 709 Thurcas
994 667 1158 719 avidos,
1193 668 1406 709 contunde
1440 668 1607 710 furores

527 740 752 791 Externos,
786 745 976 780 nostrum
1009 739 1093 780 iam
1128 739 1397 792 subeantque
1430 739 1587 793 iugum.

470 812 525 853 Ut
556 811 731 853 veniant
762 810 889 862 vires,
923 809 1075 851 redeat
1107 809 1295 851 iucunda
1327 816 1536 864 potestas,

528 883 727 924 Libertas
760 881 934 935 pariter,
968 894 1067 934 pax,
1102 894 1233 931 amor,
1267 882 1355 922 alta
1388 881 1521 934 quies.

471 954 587 996 Gens
620 953 793 994 inimica
825 952 941 1005 cupit
974 958 1047 992 tua
1079 965 1176 992 nam
1211 952 1461 993 subvertere
1494 952 1670 1007 templa,

530 1024 720 1078 Legibus
753 1029 799 1064 ut
832 1023 992 1065 sanctis
1027 1037 1111 1064 non
1147 1023 1200 1064 sit
1231 1023 1273 1063 in
1307 1023 1408 1064 orbe
1442 1023 1574 1065 locus.

470 1095 642 1138 Perfida
674 1108 786 1136 nunc
820 1094 946 1135 etiam
980 1094 1210 1136 maculavit
1243 1093 1454 1147 sanguine
1479 1094 1625 1146 multa,

532 1167 796 1208 Subvertens
830 1178 941 1216 aras,
976 1165 1176 1216 claustra,
1211 1165 1385 1216 sacella,
1420 1164 1553 1206 focos.

473 1238 682 1292 Surripuit
715 1237 887 1288 calices,
921 1242 1109 1290 pateras,
1142 1237 1376 1288 lancesque
1410 1235 1612 1284 nitentes,

532 1310 773 1363 Campanas
807 1321 968 1359 sacras,
1001 1307 1192 1358 vascula,
1226 1320 1346 1358 vasa,
1381 1306 1582 1360 scyphos.

472 1381 634 1423 Taliter
668 1380 877 1422 ecclesias
913 1385 1087 1420 sanctas
1121 1378 1319 1432 spoliavit
1352 1377 1536 1430 iniquus,

534 1452 689 1505 Sicque
722 1458 838 1493 tuam
871 1451 999 1493 laesit
1030 1449 1197 1504 perfida
1228 1450 1352 1491 turba
1385 1462 1565 1491 crucem.

472 1525 622 1577 Tuque
656 1523 725 1565 dei
757 1523 941 1576 genitrix
974 1530 1144 1563 nostros
1177 1522 1378 1562 miserata
1411 1520 1595 1571 dolores,

531 1595 707 1649 Porrige
739 1593 1013 1648 praesidium,
1047 1593 1166 1646 virgo
1199 1592 1342 1643 beata,
1376 1599 1506 1633 tuum.

471 1668 656 1720 Protege
691 1665 966 1708 commissum
1001 1677 1180 1718 regnum
1209 1663 1499 1718 populumque
1520 1662 1753 1715 labantem,

530 1737 777 1792 Hungariae
811 1736 935 1787 fines,
969 1736 1153 1786 moenia,
1187 1734 1292 1785 iura,
1328 1734 1473 1776 (166113.

471 1811 606 1864 Impia
637 1822 691 1850 ne
723 1809 888 1850 lanient
922 1807 1032 1848 ultra
1066 1814 1308 1859 vexentque
1342 1810 1548 1846 nocenter

531 1882 726 1932 Pectora,
760 1892 840 1921 nos
872 1878 1016 1920 tristes
1049 1877 1332 1929 barbarieque
1366 1882 1573 1930 premant.

472 1953 557 1995 Vos
592 1952 720 1993 etiam
755 1950 893 1992 sancti
924 1962 1068 2003 reges,
1103 1948 1262 2001 fidique
1295 1947 1477 2001 patroni,

531 2024 683 2066 Pellite
716 2035 829 2063 nunc
861 2021 1010 2062 hostes
1044 2019 1231 2061 assiduis
1264 2018 1477 2072 precibus.

472 2096 605 2136 Multa
637 2094 848 2148 trophaea
880 2105 1007 2133 manu
1041 2090 1186 2131 valida
1217 2090 1317 2131 licet
1350 2088 1623 2140 antetulistis,

530 2167 641 2208 Dum
675 2165 796 2207 vobis
829 2163 953 2205 terris
986 2175 1164 2216 corpore
1197 2161 1286 2203 vita
1318 2160 1409 2201 fuit.

475 2239 528 2279 At
560 2236 700 2288 modo,
735 2236 770 2277 si
803 2234 974 2277 domino
1009 2247 1084 2288 pro
1117 2232 1242 2274 nobis
1274 2231 1353 2273 rite
1385 2237 1587 2285 precatus

532 2307 759 2358 Fuderitis,
793 2306 924 2348 surda
955 2318 1039 2346 non
1074 2304 1192 2346 bibet
1226 2317 1327 2344 aure
1361 2303 1469 2356 pios.

473 2380 577 2431 Quis
610 2379 687 2421 tibi
719 2391 851 2420 causa
883 2377 1000 2429 mali,
1033 2389 1198 2430 precor,
1233 2388 1256 2416 o
1289 2374 1526 2415 iustissima
1557 2372 1702 2423 tellus,

532 2451 665 2492 Terra
697 2462 855 2504 parens
889 2447 1053 2489 cunctis
1087 2445 1370 2487 anteferenda
1402 2443 1562 2486 bonis?

475 2521 599 2572 Quod
632 2521 761 2562 duros
794 2519 955 2574 pateris
988 2530 1157 2559 morsus
1190 2516 1390 2558 confecta
1424 2515 1570 2557 dolore

534 2594 569 2634 A
603 2591 783 2647 propriis
818 2590 1008 2644 querulo,
1044 2588 1218 2629 conscia
1250 2595 1363 2629 terra
1396 2587 1509 2628 viris.

476 2664 714 2718 Segnicies,
747 2662 866 2712 livor,
901 2661 1078 2702 demens
1113 2658 1341 2709 discordia,
1376 2658 1487 2708 lites,

533 2734 717 2776 Ambitio
750 2746 988 2787 procerum,
1021 2730 1162 2784 turpia
1193 2731 1324 2779 lucra,
1359 2729 1456 2770 doli.

474 2806 590 2848 Gens
622 2813 697 2847 tua
728 2811 769 2846 te
803 2803 992 2858 graviter
1026 2802 1168 2856 prisco
1203 2800 1404 2855 spoliavit
1435 2800 1611 2851 honore,

536 2876 605 2919 Sic
637 2876 713 2917 tibi
744 2888 821 2929 per
852 2875 992 2916 luctus
1026 2886 1119 2914 sors
1151 2872 1322 2914 inimica
1355 2876 1512 2912 manet.
