1955 3278
1499 129 1566 161 189

76 340 153 377 Ad.
168 339 454 376 clarissimos
468 340 592 375 viros
607 338 852 375 Dominum
866 338 1055 375 Petrum
1066 338 1252 385 Czipser
1268 341 1314 375 et
1327 339 1565 376 Andream

76 406 262 442 Reuber
280 405 539 452 Bartphani
564 404 726 451 populi
745 404 878 440 illum
907 403 1199 450 spiritualem
1216 405 1339 440 hunc
1360 405 1563 441 saecula-

76 481 185 515 rem,
209 470 524 506 moderatores
544 469 850 516 dignissimos.
879 467 1075 505 Carmen
1101 469 1303 505 eiusdem
1324 470 1563 507 Valentini

77 535 241 572 Ecchii
257 536 312 572 de
328 534 565 571 amicitiae
581 535 627 571 et
642 534 913 571 concordiae
928 534 1136 571 utilitate
1157 533 1310 570 lusum
1324 536 1561 582 Bartphae

669 600 806 636 Anno
839 605 858 639 1
868 603 894 639 5
904 604 923 639 1
931 603 969 638 8.

191 724 250 764 Az
285 723 374 764 elso'
421 721 478 765 60
511 723 667 764 sorban
702 722 887 777 effladja,
928 723 1042 777 hogy
1075 724 1204 764 miota
1238 737 1261 763 a
1295 724 1500 765 chaosboI
1535 738 1560 765 a

72 794 298 848 vilagrend
343 794 547 847 letrej'ott‚
594 807 642 834 az
687 794 944 847 Egyetertes
990 793 1119 847 tartja
1169 794 1271 835 fenn
1319 808 1344 835 a
1382 795 1559 849 vilagot.

72 867 329 919 Egyetertes
361 865 489 906 intezi
522 878 547 905 a
580 865 792 918 csillagok
824 865 1131 919 palyafutasat.

190 937 226 977 A
258 936 502 977 termeszeti
534 936 685 977 rendet
718 936 753 977 is
787 950 835 977 az
868 936 1125 990 Egyetertes
1158 936 1288 990 tartja
1320 937 1436 978 fenn.

189 1008 249 1048 Az
283 1006 458 1058 allatok,
491 1008 591 1060 meg
621 1020 646 1047 a
667 1007 974 1060 legvadabbak
1007 1020 1096 1048 sem
1119 1008 1272 1048 tornek
1296 1008 1411 1061 sajat
1433 1008 1557 1062 fajuk

73 1080 198 1121 ellen.
254 1077 473 1130 Oroszlan‚
520 1077 668 1119 farkas
713 1078 912 1120 bekeben
955 1079 995 1119 el
1039 1079 1297 1132 egymassal.
1357 1079 1471 1120 Csak
1507 1094 1557 1121 az

71 1151 216 1192 ember
244 1156 338 1191 ront
361 1151 587 1203 egymasra
610 1150 854 1203 ellenseges
877 1149 1114 1191 indulattal.
1147 1150 1274 1191 Ezert
1297 1150 1386 1192 do'lt
1408 1151 1557 1192 romba

71 1221 304 1274 Carthago,
327 1221 448 1271 Ilion,
482 1221 625 1261 Roma.
660 1219 852 1274 Oedipus
874 1220 947 1261 fiai
968 1224 1145 1274 egymas
1172 1221 1279 1263 keze
1303 1222 1407 1262 altal
1431 1223 1556 1263 estek

69 1293 122 1344 el,
156 1292 365 1333 Tantalus
399 1291 607 1345 csaladja,
642 1291 783 1333 David
816 1291 925 1332 haza
957 1292 1241 1334 tonkrement.

187 1363 314 1404 Ezzel
347 1363 519 1404 szembe
553 1363 691 1417 allitja
724 1377 749 1403 a
780 1363 987 1417 baratsag
1010 1364 1201 1405 hasznat.
1233 1364 1348 1406 Jolet
1371 1367 1417 1406 es
1441 1365 1555 1406 beke

63 1435 135 1489 jar
154 1437 351 1488 nyoman.
386 1435 421 1475 A
445 1447 537 1475 sors
572 1435 772 1488 csapasai
806 1434 904 1476 kozt
936 1437 1176 1488 segitsegre
1199 1436 1279 1477 siet
1302 1436 1392 1489 ajo
1416 1436 1553 1478 barat.

69 1507 100 1547 F
105 1506 281 1548 elhozza
313 1505 510 1547 Theseus
539 1508 586 1546 es
614 1506 856 1559 Pyrithaus,
889 1506 1058 1547 Damon
1089 1509 1135 1548 es
1169 1507 1372 1560 Pytheas,
1401 1507 1554 1548 Pollux

67 1580 114 1619 es
149 1577 302 1619 Castor
333 1577 507 1631 peldait.
540 1564 598 1617 Es
633 1579 786 1617 ezutan
819 1580 890 1630 igy
923 1577 1148 1631 folytatja:

242 1715 1361 1726 ··························

136 1767 179 1800 56
241 1757 305 1794 Nil
336 1756 435 1805 fugit
466 1756 589 1794 almus
622 1769 741 1801 amor,
776 1769 894 1805 grave
923 1758 974 1794 nil
1004 1758 1042 1794 in
1065 1769 1195 1795 amore
1221 1758 1374 1796 videtur

244 1830 430 1876 Unquam,
465 1840 536 1866 nec
568 1829 735 1866 reddunt
767 1829 1015 1866 adamantina
1046 1829 1199 1866 vincula
1230 1829 1353 1867 nodos

241 1900 339 1936 Tam
356 1899 519 1945 validos,
538 1912 653 1947 quam
676 1900 795 1937 corda
817 1900 949 1948 ligant)
973 1912 1071 1947 quae
1093 1901 1214 1938 iunxit
1231 1901 1268 1937 in
1287 1913 1402 1938 unum

239 1972 363 2008 Verus
397 1972 589 2008 amicitiae
621 1983 754 2016 nexus,
789 1971 1004 2019 foedusque
1037 1971 1161 2009 fidele.

134 2051 177 2085 60
240 2042 419 2080 Pluribus
451 2041 554 2079 haud
587 2054 684 2090 opus
709 2046 768 2080 est
796 2042 1005 2080 concordia
1031 2046 1169 2080 cuncta
1190 2043 1380 2091 gubernat

242 2114 362 2151 Facta
383 2113 591 2159 hominum,
616 2113 721 2151 fovet
743 2117 859 2161 atque
882 2114 993 2161 regit,
1018 2114 1242 2151 moderatur
1264 2114 1420 2162 alitque.

238 2186 348 2222 Hanc
380 2185 496 2233 igitur
527 2184 723 2233 Bartphae
756 2188 930 2222 rectores
963 2185 1094 2233 inclyti
1130 2188 1168 2222 et
1200 2186 1300 2222 omni

238 2255 371 2293 Laude
406 2255 639 2300 celebrandi,
674 2257 787 2304 parili
820 2257 852 2293 si
885 2259 1042 2303 pectore
1075 2267 1230 2304 semper

238 2327 447 2365 Gesseritis
481 2327 665 2372 clausam,
699 2328 838 2364 multas
872 2327 977 2374 (mihi
1010 2327 1169 2374 credite)
1203 2331 1331 2365 vestro

131 2408 174 2440 65
240 2399 422 2436 Utilitatis
456 2410 550 2446 opes
583 2398 726 2446 populo
758 2398 961 2442 adiicietis,
996 2401 1034 2434 et
1066 2410 1177 2435 omne

238 2470 276 2507 Si
310 2470 411 2517 quod
445 2471 518 2507 erit
550 2470 730 2507 damnum
763 2470 877 2507 facile
910 2469 1062 2518 pelletis
1095 2469 1290 2514 acerbum,

238 2540 403 2578 Parvula
435 2553 498 2578 res
532 2542 673 2578 etenim
706 2541 886 2579 concordi
922 2553 1076 2589 semper
1107 2553 1238 2578 amore

237 2612 388 2649 Crescit
420 2616 458 2649 et
489 2611 694 2649 humanam
728 2613 878 2650 stabilis
912 2612 1121 2649 concordia
1152 2614 1270 2650 vitam

236 2682 404 2720 Adiuvat
435 2684 634 2721 innumero
665 2684 906 2732 locupletans
940 2684 1091 2731 singula
1124 2695 1254 2721 censu.

129 2763 173 2796 70
236 2753 422 2791 Omnibus
455 2754 544 2792 hinc
578 2755 693 2792 etiam
725 2755 840 2792 rebus
873 2754 1099 2791 mortalibus
1130 2755 1217 2802 ipsa

235 2825 334 2862 Ante
366 2824 528 2862 feranda
559 2827 674 2871 venit,
709 2825 812 2873 quod
845 2827 895 2863 sit
926 2825 1019 2862 nihil
1051 2826 1178 2873 aptius
1210 2825 1276 2862 illa

234 2897 418 2942 Naturae,
453 2908 521 2934 seu
553 2908 616 2934 res
649 2897 835 2935 adversas
869 2897 950 2934 sive
983 2896 1173 2934 secundas
