1919 3273
1492 125 1561 159 437

201 267 371 317 Quanta
390 280 491 309 vero
515 267 568 309 sit
592 267 703 309 oculi
725 272 766 307 et
788 272 889 307 note
912 267 1004 307 Vise
1033 268 1151 309 cuius
1170 282 1263 309 011111
1286 275 1380 309 1313
1398 268 1561 310 11116163

78 338 192 392 pedo
216 338 277 379 sic
300 337 535 379 addiscas.1
556 338 694 391 Ligno
716 337 898 390 longiori
921 338 988 378 0111
1011 338 1189 379 adheret
1211 353 1366 392 gnomo
1389 339 1560 381 brevius

78 415 287 450 connecte
320 422 397 462 per
427 409 656 450 incisuram
690 421 810 449 suam
843 408 898 448 ad
922 409 1102 461 angulos
1123 416 1276 461 rectos,
1301 410 1455 451 deinde
1476 410 1560 463 fige

77 480 406 520 instrumentum
437 480 479 519 in
512 485 626 520 terra
658 486 730 519 aut
763 478 1083 531 quomodolibet
1116 481 1233 532 siste⁷
1267 482 1329 521 sic
1351 488 1494 522 tamen
1516 489 1561 521 ut

76 550 147 591 die
171 563 274 591 acus
296 550 431 603 lingni
452 547 495 603 (1)
529 550 733 591 brevioris
768 549 927 591 directe
960 551 1192 604 respiciant
1214 558 1356 592 notam
1380 552 1561 592 electam

76 634 159 674 que
204 634 273 661 res
314 621 462 662 occulo
506 618 778 661 exann‘atsse2
824 621 1055 661 facilimum
1089 622 1311 663 afficiatur.
1360 622 1561 676 Inspecta

76 692 188 745 gitur
213 698 315 733 nota
338 697 572 733 memorata
592 705 669 745 per
692 691 774 732 duo
800 692 1010 732 foramina
1036 693 1336 733 auricularium
1359 706 1560 734 numerus

74 774 201 815 vquem
245 762 395 815 regula
441 762 660 803 exlatere
707 762 855 803 dextro
901 763 1125 815 gnomonis
1172 764 1356 804 absumit
1401 764 1559 804 tabelle

75 832 292 874 immissus
338 833 648 874 demonstrabit
693 847 801 886 quae
856 834 1001 887 porcio
1047 834 1152 887 ligni
1200 835 1405 887 longioris
1451 835 1562 876 inter

77 911 205 958 caput
228 905 454 957 gnomonis
478 911 520 944 et
541 904 704 957 lignum
728 904 1043 945 breviusculum
1073 905 1262 945 existens
1295 906 1337 945 in
1361 919 1413 946 ea
1436 918 1560 957 quam

75 975 214 1016 metiri
237 975 381 1029 pergis
398 975 724 1028 intercapedine
743 975 1126 1029 conprehendatur.
1153 976 1439 1029 Superaddita
1460 977 1560 1017 item

75 1051 197 1087 costa
229 1046 454 1099 gnomonis
488 1045 675 1087 dimidia.
710 1046 987 1087 Altitudinem
1021 1047 1144 1087 turris
1173 1053 1245 1087 aut
1268 1047 1442 1088 alterius
1466 1060 1559 1100 pro-

75 1117 265 1158 ceritatis
309 1117 517 1158 horizonti
551 1117 963 1171 perpendiculariter
995 1117 1232 1159 insistentis
1266 1118 1328 1159 sic
1362 1118 1543 1171 accipito

75 1187 240 1229 Gnomo
273 1189 374 1229 item
408 1189 611 1230 cohereat
644 1189 760 1242 ligno
806 1189 987 1242 longiori
1022 1189 1161 1243 capite
1196 1195 1338 1229 tamen
1373 1189 1561 1240 dimisso,

74 1258 134 1299 ita
166 1258 367 1301 videlicet
411 1266 456 1300 ut
488 1273 670 1302 vacuum
715 1260 853 1301 minus
885 1260 998 1301 latus
1038 1260 1186 1301 dextre
1219 1265 1290 1300 tue
1324 1265 1563 1313 opponatur

76 1336 117 1370 et
148 1330 367 1383 plumbum
412 1344 465 1372 ex
496 1331 704 1372 foramine
752 1331 959 1385 superiori
996 1331 1185 1384 pendeat
1220 1330 1374 1372 deinde
1408 1330 1563 1384 figatur

74 1401 400 1442 instrumentum
424 1415 477 1443 ea
500 1402 743 1443 conditione
768 1401 880 1454 quod
902 1402 1255 1455 perpendiculum
1279 1401 1424 1442 liniam
1443 1414 1562 1442 suam

75 1472 274 1513 occultet.
311 1472 525 1514 Cacumen
548 1472 784 1513 altitudinis
814 1473 1100 1514 mensurande
1124 1486 1200 1526 per
1222 1472 1431 1513 foramina
1453 1472 1562 1512 31111-

75 1542 281 1584 011131111111
304 1543 380 1584 tibi
400 1543 596 1585 videatur
614 1545 764 1598 regula
783 1557 877 1585 cum
910 1558 980 1584 nm
1003 1541 1255 1597 (numerum)
1284 1556 1336 1583 ex
1359 1543 1561 1584 alterutro

76 1613 300 1667 gnomonis
325 1615 544 1668 seperabit
569 1629 692 1668 quem
718 1615 877 1656 tabelle
900 1615 1092 1668 predicte
1115 1614 1319 1664 inferens,
1343 1627 1561 1655 numerum

73 1670 200 1739 nigfu
221 1686 264 1726 in
286 1685 447 1727 directo
467 1687 559 1727 eius
579 1686 762 1727 notabis.
788 1686 829 1727 Is
850 1686 961 1727 enim
985 1685 1185 1726 ostendet
1204 1685 1408 1737 quociens
1428 1685 1562 1737 longi-

73 1756 176 1797 tudo
211 1770 292 1809 que
331 1757 612 1798 instrumento
655 1763 697 1798 et
730 1757 1000 1810 proceritatis
1045 1755 1332 1797 mensurande
1377 1755 1562 1809 pedibus

73 1827 301 1869 interiiciat
320 1828 364 1868 in
387 1828 610 1869 altitudine
641 1829 862 1882 proposita
895 1828 1147 1869 continetur.
1175 1826 1393 1879 Siquidem
1414 1826 1563 1879 regula

74 1899 299 1951 gnomonis
331 1899 442 1940 inter
462 1899 736 1940 meciendum
769 1899 893 1940 lateri
926 1898 1083 1939 iacenti
1117 1897 1356 1938 incubuerit
1380 1897 1563 1949 quamsi

73 1968 199 2010 lateri
221 1970 447 2023 gnomonis
472 1970 604 2011 stanti
624 1969 876 2010 innitaretur
899 1966 941 2023 (Σ)
974 1982 1100 2010 versa
1122 1968 1191 2010 via
1219 1981 1419 2008 numerus
1442 1968 1563 2021 niger

73 2046 275 2093 preactus
296 2038 339 2094 (1)
372 2041 561 2082 monebit
596 2041 800 2093 quociens
834 2039 1071 2094 proceritas
1106 2039 1274 2092 quesita
1295 2039 1338 2079 in
1362 2052 1414 2079 ea
1436 2051 1562 2091 quam

75 2110 257 2152 diximus
290 2111 558 2164 longitudine
591 2111 814 2165 reperitur.
862 2111 977 2151 Voco
1012 2115 1153 2151 autem
1191 2109 1304 2150 latus
1337 2109 1562 2162 gnomonis

71 2181 176 2222 illud
225 2181 340 2234 quod
383 2183 533 2223 iacens
578 2182 749 2235 quidem
783 2181 990 2223 horizonti
1037 2179 1088 2231 eq
1122 2180 1253 2221 distat
1297 2186 1415 2221 stans
1460 2193 1561 2222 vero

72 2253 281 2305 reliquum
305 2253 514 2295 horizonti
538 2253 593 2294 ad
615 2259 757 2294 rectos
781 2252 989 2294 incidens,
1024 2251 1236 2292 Memento
1259 2257 1403 2292 tamen
1426 2251 1562 2304 longi-

72 2322 208 2364 tudini
231 2323 403 2376 quidem
426 2324 698 2365 instrumenti
717 2330 758 2365 et
777 2322 1047 2377 proceritatis
1071 2321 1357 2362 mensurande
1380 2321 1562 2375 pedibus

71 2394 343 2435 interiacenti
372 2395 597 2448 gnomonis
627 2395 844 2436 dimidium
868 2395 980 2434 latus
1005 2392 1289 2434 adiiciendum
1317 2405 1428 2443 esse,
1456 2392 1560 2433 altu-

73 2465 161 2505 dini
192 2463 237 2518 (1)
283 2472 424 2506 autem
457 2479 533 2520 per
566 2472 700 2507 3116111
747 2465 947 2506 traditam
991 2462 1259 2505 m11ale3ca
1291 2463 1395 2516 ligni
1426 2463 1561 2516 longi-

73 2536 157 2577 oris
189 2537 381 2590 porcioni
414 2550 451 2590 q.
487 2538 624 2578 latere
660 2537 885 2589 gnomonis
909 2535 1051 2576 infimo
1086 2540 1127 2575 et
1159 2534 1286 2588 plano
1321 2533 1561 2575 suscmato4

71 2606 398 2648 instrumentum
430 2607 698 2661 intercipitur
731 2606 1076 2660 superaddenda.
1120 2605 1227 2645 Vide
1262 2618 1300 2657 q.
1335 2611 1379 2645 ut
1413 2617 1561 2646 neces-

73 2677 231 2718 sarium
276 2677 330 2718 sit
373 2678 472 2720 hinc
518 2691 648 2732 opere
694 2678 964 2719 intervallum
1010 2676 1065 2717 ad
1098 2675 1252 2729 pedem
1294 2675 1561 2729 proceritatis

71 2748 296 2790 meciende
329 2749 533 2790 desinens
563 2749 682 2791 cuius
706 2748 902 2802 profecto
927 2747 1085 2788 noticia
1107 2746 1223 2787 haud
1246 2746 1372 2787 facile
1395 2745 1563 2787 dabitur

193 2899 203 2918 ¹
232 2900 387 2934 adiscas.
440 2899 454 2918 ²
505 2899 822 2934 examinationePI
875 2899 886 2917 '¹'
913 2898 1089 2932 iuvante?
1141 2898 1152 2916 ⁴
1181 2897 1423 2931 sustinendo?
