1955 3278
368 164 435 197 198

368 320 419 349 ac
451 304 724 360 paraverant)
771 319 863 348 cum
898 320 1059 349 cornua
1091 308 1338 349 cecinerunt
1384 312 1673 362 tympanaque
1713 309 1856 364 pulsa-

367 384 473 419 runt.
509 377 580 419 Sic
612 383 736 431 porta
759 384 994 432 erumpunt.
1028 378 1107 419 Hic
1129 378 1315 432 impetus
1348 392 1427 421 nec
1448 379 1671 421 Matthiam
1693 381 1855 432 terruit,

366 463 446 491 nec
491 449 583 490 eius
629 448 953 491 commilitones.
1009 449 1119 499 Quin
1164 449 1360 491 instructi
1405 456 1534 503 atque
1576 451 1728 493 armati
1772 452 1856 494 illis

366 526 604 562 occurrunt.
640 520 781 561 Tanta
805 526 872 561 est
904 520 1086 562 Turchis
1110 527 1279 574 strages
1301 521 1436 573 illata,
1470 528 1515 563 ut
1537 528 1623 563 tam
1652 522 1706 564 ad
1730 535 1856 565 aures

367 592 599 633 Mahumeti
643 604 727 633 11011
762 604 814 632 ex
847 591 1010 645 praelio
1055 592 1242 642 nuntius,
1290 592 1367 633 sed
1401 606 1454 633 ex
1488 606 1683 634 sermone
1717 607 1858 635 rumor

368 664 550 705 afferret.
599 662 665 705 Ad
698 676 827 704 unum
860 676 1009 704 omnes
1056 663 1187 705 occisi
1221 670 1331 704 311111.
1382 664 1597 718 Oppidum
1631 664 1687 706 ad
1720 665 1856 706 solum

366 735 500 779 everti
531 735 669 776 iussit.
702 735 766 776 Ea
789 735 976 777 victoria
999 741 1162 776 tantam
1195 735 1403 777 Federico
1432 736 1558 777 tertio
1590 736 1857 791 voluptatem

367 807 507 849 attulit
539 813 584 847 ut
604 806 743 860 ipsum
764 805 914 847 Misiae
942 805 1181 847 inferioris:
1217 819 1343 859 quam
1367 807 1586 848 Boemiam
1608 805 1652 861 (l)
1686 815 1854 850 vocant.

366 879 528 932 Regem
548 876 876 919 renunciaverit.
904 877 969 917 Ex
991 890 1073 930 quo
1093 890 1188 918 cum
1211 877 1399 919 exercitu
1423 877 1478 919 ad
1501 878 1648 919 urbem
1671 878 1857 932 Pragam

368 949 601 991 contendit.
637 948 721 989 Diu
749 961 842 989 eam
876 947 1057 989 obsedit.
1094 946 1420 1003 Optaticompos
1453 949 1595 990 factus
1628 955 1746 991 03301
1776 949 1860 991 11131

366 1021 613 1062 Vladislaus
663 1019 871 1070 Cas'ymiri
925 1017 1032 1072 (Rex
1077 1018 1352 1073 Polonorum)
1403 1020 1694 1062 Sarmatarum
1741 1021 1858 1075 regis

367 1092 479 1133 filius
526 1105 620 1132 cum
666 1091 885 1145 octoginta
930 1091 1100 1132 milibus
1139 1091 1355 1132 hominum
1401 1104 1483 1144 quo
1517 1091 1726 1134 obsessae
1760 1105 1858 1147 sup-

367 1164 507 1218 petias
540 1163 683 1214 ferret,
718 1176 851 1217 prope
884 1163 1032 1205 urbem
1066 1162 1350 1205 consedisset.
1384 1163 1589 1204 Matthias
1618 1161 1732 1216 quod
1754 1163 1858 1204 mili-

368 1242 454 1276 tum
488 1247 665 1276 numero
700 1240 790 1275 erat
822 1234 998 1275 inferior
1031 1234 1209 1275 abduxit
1242 1235 1488 1276 exercitum.
1529 1234 1625 1276 Non
1658 1241 1725 1276 est
1757 1234 1859 1276 mihi

367 1306 589 1348 consilium
623 1305 813 1358 reliquas
848 1306 939 1346 eius
972 1305 1173 1347 victorias
1206 1305 1382 1357 referre,
1418 1305 1531 1358 quod
1564 1305 1738 1347 nimium
1765 1319 1858 1360 pro-

367 1377 568 1419 vehenda
592 1384 708 1419 esset
732 1377 866 1418 oratio
889 1390 999 1418 mea.
1031 1377 1135 1418 Cum
1158 1377 1287 1430 igitur
1309 1390 1361 1418 ex
1388 1377 1474 1418 his:
1510 1390 1620 1430 quae
1642 1377 1857 1431 corporis:

369 1449 511 1501 animi,
551 1448 751 1489 fortunae
786 1455 896 1499 311111,
942 1448 1068 1489 bonis
1100 1448 1194 1489 laus
1229 1447 1526 1500 constituatur,
1573 1461 1732 1503 operae
1764 1462 1858 1502 pre-

368 1521 469 1562 tium
506 1526 595 1562 est:
631 1526 677 1561 ut
710 1526 871 1573 quanta
903 1520 946 1561 in
980 1533 1031 1561 eo
1064 1519 1222 1561 fuerint
1256 1520 1530 1574 explicemus.

486 1592 673 1633 Parente
695 1597 813 1633 ortus
837 1597 922 1633 est:
947 1598 993 1632 ut
1017 1598 1116 1633 ante
1141 1591 1254 1633 dixi:
1287 1591 1449 1632 Ioanne
1473 1591 1692 1633 Vaivoda:
1716 1591 1784 1633 cui
1807 1605 1859 1633 ex

372 1664 568 1705 omnibus
593 1664 657 1704 sui
680 1664 885 1717 temporis
913 1662 1093 1704 ducibus
1116 1663 1382 1717 principatus
1411 1662 1700 1705 deferebatur.
1734 1662 1859 1704 Haud

371 1735 450 1776 fuit
482 1735 685 1776 Matthias
717 1735 831 1776 illius
866 1734 1112 1776 dissimilis:
1147 1734 1243 1787 qui:
1279 1748 1373 1776 cum
1407 1733 1462 1775 ad
1495 1747 1585 1775 rem
1607 1734 1857 1775 militarem:

370 1806 424 1848 de
464 1820 548 1859 qua
587 1819 664 1847 uos
706 1805 931 1847 admonui:
975 1805 1267 1847 incubuisset:
1312 1805 1368 1847 ad
1406 1805 1685 1846 humanitatis
1719 1804 1860 1847 studia

369 1878 589 1932 ingenium
614 1877 803 1919 contulit.
825 1877 873 1918 In
896 1877 962 1918 his
987 1883 1190 1931 quantum
1208 1877 1457 1931 profecerit:
1482 1876 1706 1918 declarant
1729 1877 1859 1931 aptis-

371 1950 505 1991 simae
540 1949 630 1989 eius
663 1949 936 1990 intentiones.
972 1948 1198 2001 Nunquam
1232 1962 1258 1990 a
1290 1948 1488 2002 legendis
1521 1948 1640 1989 libris
1674 1947 1859 1989 abduce-

370 2020 508 2061 batur.
534 2019 634 2061 Sive
659 2020 771 2061 enim
793 2020 836 2060 in
860 2020 1012 2061 castris
1035 2020 1205 2071 fuisset,
1231 2020 1321 2061 sive
1345 2020 1460 2061 domi
1483 2032 1529 2061 30
1552 2019 1857 2061 continuisset:

372 2092 462 2133 sive
495 2092 537 2132 in
570 2092 714 2133 villam
748 2105 794 2133 se
829 2092 1086 2133 coniecisset
1131 2091 1421 2133 nobilissimos
1456 2090 1685 2132 historicos
1718 2090 1858 2131 Titum

370 2163 556 2204 Livium:
575 2162 619 2204 C.
639 2162 888 2204 Caesarem:
907 2162 1107 2212 Quintum
1119 2162 1307 2203 Curtium
1320 2162 1557 2203 lectitabat.
1574 2161 1857 2203 Fatebantur:

372 2234 443 2287 qui
467 2234 544 2275 sub
569 2234 703 2287 signis
727 2234 815 2275 suis
839 2234 1093 2285 militabant,
1123 2233 1280 2274 milites
1302 2244 1429 2274 unum
1462 2246 1559 2274 0330
1583 2246 1754 2286 regem:
1790 2232 1860 2286 qui

371 2318 466 2346 cum
500 2305 605 2346 Iulio
640 2305 827 2346 Caesare
862 2311 990 2358 atque
1024 2304 1270 2346 Alexandro
1303 2310 1394 2345 tuto
1428 2311 1470 2345 01
1502 2304 1652 2345 11101110
1676 2303 1860 2345 conferri

371 2382 532 2430 posset.
567 2376 775 2425 Quotiens
807 2377 850 2417 in
881 2377 1017 2431 ipsius
1049 2376 1344 2431 pulvinaribus
1363 2376 1563 2417 inventus
1586 2381 1652 2416 est
1683 2373 1860 2416 Livius?

372 2448 570 2500 quotiens
617 2447 812 2489 Caesar?
857 2448 1054 2500 quotiens
1101 2447 1269 2489 Curtius
1283 2446 1304 2487 i>
1349 2447 1483 2501 Igitur
1528 2446 1669 2487 mirari
1708 2445 1860 2487 desina

376 2532 465 2560 mus
512 2520 547 2559 si
580 2518 868 2560 Alexandrum
912 2520 1029 2560 illum
1075 2519 1357 2560 macedonum
1400 2531 1547 2572 regem
1583 2524 1624 2559 et
1658 2517 1693 2558 si
1725 2530 1860 2571 parua

372 2604 501 2631 manu
516 2590 852 2631 innumerabiles
868 2591 1016 2644 copias
1032 2603 1136 2644 sepe
1152 2591 1344 2644 pra-aelio
1359 2589 1577 2643 fregisset,
1599 2589 1635 2630 si
1652 2588 1859 2640 Pyrrhum

374 2661 555 2714 quanvis
603 2661 821 2715 praesidia
869 2662 1093 2714 eleganter
1146 2661 1445 2715 disposuisset,
1493 2660 1528 2701 si
1572 2659 1859 2701 Hannibalem

374 2746 616 2785 quanquem
634 2732 788 2786 punico
812 2739 908 2773 astu
933 2732 1155 2786 viguisset,
1185 2732 1429 2773 admirabili
1450 2732 1605 2772 virtute
1629 2731 1858 2785 superavit.

374 2803 601 2844 Enimvero
636 2803 671 2844 si
704 2804 775 2855 qui
807 2817 833 2844 a
866 2817 933 2844 me
967 2803 1180 2857 profertur
1214 2816 1352 2844 sermo
1386 2803 1501 2844 nullo
1535 2810 1601 2844 est
1634 2801 1858 2843 mendacio

374 2874 681 2926 inquinandus:
706 2888 830 2916 nemo
851 2888 1037 2927 unquam
1058 2876 1177 2928 Rege
1196 2875 1376 2916 Matthia
1393 2874 1685 2928 praestantius
1707 2873 1858 2914 castris

374 2944 511 2986 locum
536 2946 666 3000 cepit:
701 2959 825 2987 nemo
861 2946 1092 2988 exercitum
1126 2947 1346 2987 instruxit:
1381 2960 1505 2987 nemo
1535 2944 1719 2987 hostium
1742 2944 1858 2985 acies
