1955 3278
155 365 226 395 Vini
240 366 350 395 virtus.

204 1142 292 1179 Aqua

178 1195 323 1224 Omnium

146 1248 349 1278 nascentium

371 140 436 173 158

364 283 548 323 mundus
594 289 763 323 creatus
797 290 875 335 est,
924 284 1036 336 quod
1070 297 1147 338 per
1179 292 1239 326 tot
1285 286 1431 326 secula
1464 287 1609 339 utique
1642 300 1725 327 non
1769 287 1853 329 alio

365 362 466 407 potu
500 353 581 394 nisi
614 367 752 406 aquae
777 368 898 395 usum
921 362 999 396 est.
1036 355 1080 397 Si
1103 356 1246 397 vinum
1272 369 1451 410 corpora
1475 357 1699 409 confortat,
1724 358 1855 400 corda

361 424 577 468 laetificet,
611 425 911 466 nutrimentum
947 427 1110 480 corpori
1140 427 1360 480 praebeat,
1396 428 1580 469 calorem
1614 429 1853 470 naturalem

362 502 600 541 conservet,
637 496 891 549 sanguinem
925 497 1145 539 abundare
1170 498 1314 550 faciat,
1349 512 1554 540 venarum
1576 512 1649 540 ora
1672 500 1851 553 aperiat,

361 568 551 620 vigorem
585 568 708 608 citius
742 568 943 609 membris
977 568 1259 618 administret,
1296 569 1372 611 sed
1408 583 1487 611 nec
1523 570 1695 622 quidem
1730 571 1855 612 aliter

362 638 442 679 nisi
476 638 705 679 admodum
738 639 903 680 modice
938 646 1141 681 sumatur.
1188 641 1242 681 At
1276 641 1370 694 ipsa
1403 654 1516 693 aqua
1549 641 1714 682 606111111
1749 648 1851 682 16111-

362 716 496 763 perat,
519 710 632 751 unde
657 724 835 764 corpora
859 718 1115 764 vegetantur
1133 718 1175 752 et
1192 719 1409 765 reguntur,
1431 721 1586 753 terram
1605 712 1852 764 foecundat,

362 780 475 821 unde
510 781 652 822 omnia
684 781 920 822 animantia
953 796 1045 823 611111
1081 782 1251 824 1101111116
1285 780 1441 824 victum
1475 783 1650 825 habent.
1697 784 1852 825 Aerem

363 852 450 893 suis
483 853 714 906 vaporibus
747 853 1004 906 incorporat,
1040 853 1152 894 unde
1185 855 1510 908 respirationem
1544 862 1687 909 aptam
1721 854 1851 896 habe-

362 937 468 974 mus,
498 924 610 976 quod
633 925 777 976 utique
801 925 943 965 vinum
968 938 1051 965 non
1074 924 1218 965 faciet.
1255 927 1378 978 Aqua
1400 926 1442 966 in
1466 926 1645 967 sublime
1668 926 1850 976 scandit,

362 1002 403 1035 et
422 995 587 1036 coelum
605 995 685 1036 sibi
701 995 913 1047 vendicat,
927 996 1069 1037 vinum
1086 1003 1227 1036 autem
1243 1004 1542 1050 praeterquam
1559 997 1614 1038 ad
1629 997 1851 1039 cerebrum

362 1065 543 1106 hominis
578 1066 799 1107 sublimius
832 1067 891 1107 ire
926 1067 1075 1117 nescit,
1124 1067 1200 1108 sed
1234 1068 1275 1108 id
1311 1067 1481 1120 quidem
1521 1068 1647 1109 etiam
1682 1069 1850 1122 magnis

362 1150 493 1191 saepe
528 1137 661 1178 afficit
694 1138 828 1179 malis.
877 1139 1000 1191 Aqua
1032 1138 1133 1179 item
1173 1140 1359 1179 omnium
1392 1139 1660 1180 nascentium
1695 1153 1852 1180 caussa

362 1215 440 1253 est,
475 1214 520 1248 ut
552 1222 662 1261 quae
695 1209 842 1262 fruges
875 1209 1026 1262 gignit,
1061 1210 1236 1250 arbores
1261 1217 1302 1251 et
1324 1211 1496 1263 plantas
1518 1210 1674 1261 educit,
1700 1210 1851 1252 sordes

191 1310 313 1330 caussa.
362 1279 559 1333 detergit,
594 1286 775 1334 peccata
808 1280 943 1331 diluit,
989 1287 1134 1334 potum
1169 1281 1367 1322 euntibus
1402 1282 1658 1322 animalibus
1691 1281 1850 1323 tribuit.

174 1781 208 1811 ln
232 1782 321 1813 nulla

166 1838 258 1872 parte
281 1838 328 1865 tot

210 1890 284 1917 sunt

178 1944 316 1970 naturae

163 1992 331 2031 miracula,

145 2048 180 2074 ut
204 2046 235 2075 in
252 2056 335 2083 aqua

360 1351 412 1390 Et
445 1365 540 1391 611111
573 1358 711 1392 1611116
746 1352 1029 1403 coniunctiva,
1062 1353 1284 1406 repletiva,
1319 1353 1587 1406 penetrativa
1621 1359 1662 1393 et
1696 1352 1851 1394 caloris

361 1422 561 1464 coelestis
607 1423 820 1469 nutritiva,
869 1424 1053 1464 omnium
1098 1423 1344 1464 inferiorum
1379 1424 1661 1478 temperativa
1693 1423 1751 1469 fit,
1799 1437 1850 1464 eo

360 1493 508 1539 tendit,
542 1501 586 1534 ut
618 1495 700 1535 nisi
732 1495 842 1537 haec
875 1495 1079 1536 inferiora
1112 1493 1201 1535 suis
1236 1495 1540 1549 opilationibus
1575 1501 1849 1549 temperaret,

360 1565 502 1605 omnia
533 1565 575 1605 in
600 1565 976 1619 conflagrationem
1002 1565 1042 1607 vi
1066 1566 1220 1606 caloris
1240 1573 1520 1608 verterentur.
1554 1567 1704 1619 Aquae
1728 1579 1851 1620 prae-

360 1644 477 1677 terea
501 1636 554 1677 ab
579 1637 866 1678 animantibus
888 1644 1037 1690 potata
1059 1637 1361 1678 nutrimentum
1383 1637 1621 1679 transducit
1641 1638 1684 1678 in
1706 1638 1847 1678 carnis

359 1708 675 1760 vegetationem
711 1718 752 1749 et
776 1709 1070 1749 substantiam.
1105 1708 1228 1761 Aqua
1260 1708 1452 1761 piscibus
1476 1708 1551 1749 dat
1574 1708 1846 1762 spiraculum.

360 1778 468 1819 sicut
501 1792 574 1819 aer
607 1779 893 1820 animantibus
926 1779 1106 1833 praebet
1139 1779 1268 1820 vitam
1302 1786 1343 1820 et
1377 1780 1693 1820 animationem.
1728 1778 1848 1819 Haec

360 1850 424 1890 sui
458 1849 685 1891 diffusione
718 1864 795 1904 per
826 1850 1052 1891 interiores
1086 1857 1230 1904 partes
1260 1856 1400 1890 terrae
1424 1849 1527 1891 facit
1549 1849 1731 1904 partium
1756 1849 1849 1889 eius

359 1921 571 1971 unionem,
619 1921 699 1962 nisi
745 1921 856 1962 enim
902 1927 1041 1962 terrae
1087 1934 1186 1974 pars
1232 1934 1326 1962 611111
1371 1928 1493 1974 parte
1539 1920 1847 1961 humerositate

358 2005 497 2043 aquea
530 1991 574 2045 (1)
620 1993 821 2041 uniretur,
868 2006 951 2033 11011
986 1999 1051 2033 631
1089 1991 1262 2033 dubium
1308 1992 1407 2044 quin
1441 2005 1518 2045 per
1559 1991 1847 2032 intensionem

358 2062 562 2104 siccitatis
606 2064 649 2104 in
694 2064 914 2118 pulverem
961 2063 1278 2104 dissolveretur.
1328 2062 1452 2103 Adde
1492 2062 1605 2115 quod
1642 2063 1686 2104 in
1729 2062 1847 2102 nulla

357 2141 477 2187 parte
512 2142 610 2175 sunt
638 2135 761 2189 plura
791 2149 916 2187 quam
939 2135 980 2175 in
1005 2135 1127 2187 aquis
1151 2141 1329 2175 naturae
1358 2134 1574 2175 miracula.
1609 2133 1777 2187 Quippe
1810 2132 1847 2174 si

357 2218 451 2245 cum
466 2206 604 2247 Plinio
620 2220 765 2248 verum
781 2207 907 2247 fateri
922 2207 1117 2248 volumus
1133 2206 1249 2246 nulla
1265 2212 1330 2246 est
1346 2205 1538 2259 potentia
1552 2205 1698 2255 maior,
1718 2217 1845 2256 quam

358 2278 412 2317 sit
444 2278 636 2331 potentia
668 2292 820 2330 aquae,
856 2292 964 2330 quae
999 2278 1223 2319 elementis
1255 2277 1450 2330 imperat,
1484 2283 1621 2317 terras
1653 2275 1844 2325 devorat,

357 2347 548 2389 flammas
570 2355 707 2400 necat,
741 2349 916 2390 nubium
950 2349 1126 2390 obtentu
1160 2349 1330 2389 vitalem
1365 2348 1557 2402 spiritum
1591 2346 1845 2399 strangulat,

356 2418 534 2460 fulmina
558 2420 645 2461 edit
667 2420 760 2474 ipso
786 2434 930 2462 36611111
965 2420 1238 2461 discordante
1261 2419 1430 2460 mundo.
1465 2418 1575 2468 Quid
1600 2431 1696 2459 esse
1720 2417 1844 2458 mira—

357 2489 481 2531 bilius
503 2491 624 2543 aquis
647 2498 789 2544 potest
809 2491 851 2532 in
876 2492 996 2533 coelo
1031 2488 1278 2532 stantibus}>
1309 2491 1364 2530 At
1391 2490 1491 2531 illae
1515 2503 1593 2531 ceu
1621 2502 1769 2543 parum
1791 2488 1846 2529 sit

356 2561 397 2601 in
431 2569 593 2602 tantam
625 2563 849 2616 pervenire
883 2562 1164 2613 altitudinem,
1197 2562 1368 2615 rapiunt
1400 2575 1450 2603 eo
1485 2574 1628 2603 secum
1661 2561 1844 2615 piscium

357 2634 554 2674 examina
587 2647 718 2687 saepe
753 2634 881 2675 etiam
913 2634 1083 2688 lapides
1117 2633 1301 2674 subeunt
1326 2633 1467 2674 aliena
1493 2638 1714 2687 portantes
1738 2645 1842 2686 pon-

357 2704 473 2755 dera,
508 2712 549 2745 et
583 2705 762 2746 eaedem
796 2705 1002 2746 cadentes
1036 2705 1219 2746 omnium
1252 2710 1365 2745 terra
1398 2709 1651 2745 nascentum
1685 2716 1842 2744 caussa

354 2775 459 2816 fiunt
493 2789 666 2829 prorsus
699 2776 882 2817 mirabili
915 2783 1080 2827 natura,
1115 2776 1150 2816 si
1174 2776 1268 2827 quis
1289 2776 1391 2817 velit
1423 2781 1636 2828 reputare,
1660 2781 1705 2815 ut
1728 2774 1842 2827 quod

357 2860 505 2887 omnes
550 2852 688 2888 terrae
734 2847 847 2888 Vires
894 2860 1097 2900 aquarum
1131 2846 1236 2887 fiunt
1270 2846 1493 2896 beneficio,
1540 2846 1665 2886 immo
1701 2846 1841 2900 ipsum

355 2917 497 2958 vinum
531 2917 742 2970 quomodo
776 2924 1026 2959 nasceretur
1059 2917 1270 2970 quomodo
1303 2918 1413 2959 vites
1448 2930 1547 2958 suos
1586 2916 1844 2971 produceret
