1955 3278
55 542 123 578 300

52 897 119 931 305

51 1251 121 1285 310

50 1606 118 1640 315

48 1961 116 1996 320

48 2318 116 2351 325

48 2672 116 2707 330

1469 102 1538 136 229

235 248 455 302 Sanguine
487 261 700 303 purpureo
736 248 1099 301 Christicolasque
1133 247 1253 289 dedit

173 320 344 361 Delevit
377 320 541 373 patriae
575 319 803 360 commissa
835 318 1005 372 piacula
1038 319 1207 372 culpae⁷

232 390 398 444 Eripuit
431 396 581 444 captos
614 389 749 431 hostis
784 389 837 431 ab
870 388 1049 430 insidiis.

171 462 352 515 Insuper
385 467 555 514 ereptos
589 460 645 501 ad
678 461 841 502 coelica
872 473 1007 513 regna
1038 460 1221 511 vocavit,

292 532 551 573 Promittens
587 531 730 585 superi
762 532 956 585 praemia
988 544 1145 583 magna
1177 531 1307 572 chori.

173 602 218 644 Si
251 616 277 644 a
300 602 425 644 nobis
458 610 693 656 praecepta
725 602 795 643 dei
825 608 1048 644 serventur
1081 601 1135 642 ad
1164 615 1348 655 ungvem

230 674 464 714 Dumtaxat
496 686 710 727 proceres,
745 679 933 727 pectore,
968 678 1010 713 et
1043 686 1096 713 ex
1128 673 1268 713 animo

171 745 228 787 Ut
260 745 471 799 patiamur
503 743 645 785 adhue
677 744 859 785 Thurcis
893 743 1138 797 permittere
1172 749 1376 784 sanctam.

230 815 463 856 Barbarieo
496 815 577 856 ritu
611 821 904 856 contemerare
938 814 1103 855 fidem?

171 886 308 936 Quam
341 885 448 927 deus
479 885 662 927 instituit
693 885 817 926 iustis
850 886 904 927 ab
938 885 1102 938 origine
1136 885 1293 935 mundi,

227 958 339 998 Dum
371 957 509 1010 patrio
542 957 665 997 latuit
698 963 887 1010 pectore,
923 956 1065 1007 eorde,
1100 955 1206 997 sinu.

171 1028 380 1070 Cordibus
412 1027 568 1069 infudit
600 1027 774 1069 tandem
808 1027 1055 1080 sanctisque
1088 1026 1324 1081 prophetis,

228 1100 282 1140 Et
313 1099 417 1140 feeit
449 1099 620 1153 proprio
654 1098 839 1140 subdere
873 1099 984 1140 00110
1015 1098 1128 1151 iugo.

171 1170 308 1219 Quam
340 1175 439 1224 post
471 1169 553 1211 1100
585 1170 708 1211 terris
744 1169 886 1211 docuit
918 1169 1128 1221 nobisque
1160 1169 1344 1221 reliquit,

230 1241 341 1282 Dum
375 1241 511 1282 tonuit
542 1241 669 1282 labiis
703 1240 844 1282 dulcia
876 1240 1005 1282 verba
1043 1240 1144 1282 suis.

168 1312 320 1354 Nonne
354 1312 464 1352 foret
495 1312 648 1353 melius
682 1311 844 1353 erudeli
877 1317 1011 1353 morte
1045 1311 1183 1365 perire

228 1383 317 1424 Nos
351 1383 510 1437 pariter
543 1383 701 1424 domini
734 1383 873 1436 patria
905 1383 1030 1424 turba
1063 1382 1201 1432 simul,

173 1454 309 1504 Quam
343 1460 506 1494 tantum
540 1453 708 1494 facinus
740 1460 826 1494 tam
860 1453 976 1494 molli
1009 1459 1150 1494 mente
1185 1452 1340 1503 subire,

227 1525 440 1578 Rumpere
474 1538 600 1577 quam
635 1530 826 1566 veterum
859 1525 951 1565 iura
984 1530 1155 1565 saerata
1186 1530 1367 1577 patrum,

169 1595 305 1646 Quam
340 1596 449 1637 coeli
482 1595 695 1637 dominum
729 1609 932 1650 perverso
966 1594 1094 1637 corde
1128 1608 1303 1647 negare,

228 1666 364 1716 Quam
396 1667 505 1708 fines
537 1666 638 1708 fidei
669 1667 924 1708 transiliisse
958 1666 1067 1707 male
1082 1665 1103 1706 ἶ)

167 1739 275 1779 Huic
309 1738 519 1791 siquidem
552 1738 654 1779 fidei
686 1738 879 1779 Romana
911 1738 1103 1791 potentia
1136 1736 1349 1789 quondam

226 1809 366 1851 Cessit
399 1816 441 1850 et
474 1809 692 1861 antiquum
727 1809 898 1862 gerrula
931 1808 1055 1850 turba
1087 1808 1233 1849 virum.

168 1880 366 1934 Claviger
398 1880 510 1921 hane
543 1880 687 1922 docuit
719 1881 886 1930 Petrus,
920 1879 1019 1920 dum
1052 1879 1140 1921 vita
1172 1879 1387 1931 monebat,

230 1951 307 1993 Cui
340 1951 458 1993 dedit
490 1952 532 1993 in
565 1952 689 1993 terris
722 1951 814 1992 iura
846 1964 1047 2004 suprema
1080 1950 1200 1992 deus.

167 2024 289 2065 Hanc
321 2023 458 2064 tenuit
491 2036 662 2076 semper
694 2023 918 2064 duodenus
953 2022 1175 2075 apostolus
1208 2022 1320 2073 olim7

224 2095 277 2135 Et
310 2099 484 2135 sanctus
518 2094 655 2147 quiuis
689 2094 800 2135 hano
834 2100 1063 2135 veneratus
1097 2099 1203 2134 erat.

165 2165 314 2207 Helias
348 2165 430 2206 hac
463 2165 629 2207 eoelum
663 2171 837 2206 sanetus
871 2163 1122 2205 conscendit
1154 2164 1198 2205 in
1232 2164 1376 2213 altum,

226 2237 319 2278 Hac
352 2236 479 2278 etiam
514 2243 705 2278 veterum
739 2249 919 2289 corpora
954 2242 1105 2276 sancta
1136 2241 1317 2289 patrum.

166 2307 356 2361 Regibus
389 2307 499 2349 11000
531 2307 690 2361 pariter
721 2306 977 2347 Nabathaeo
1011 2319 1036 2347 a
1068 2306 1209 2347 littore
1243 2306 1380 2357 iussit,

226 2378 385 2419 Infanti
417 2391 549 2432 parvo
581 2390 761 2418 munera
792 2378 915 2430 larga
948 2377 1065 2418 dare.

166 2450 289 2491 Hanc
322 2449 481 2491 obeunt
512 2455 687 2504 propter
720 2449 857 2490 saneti
890 2455 1152 2500 teneraeque
1185 2448 1371 2502 puellae,

226 2521 409 2562 Fortiter
438 2520 644 2574 indignae
677 2520 818 2574 turpia
851 2518 1035 2561 damnal
1073 2519 1205 2567 neeis,

166 2591 372 2633 Pleotitur
402 2592 515 2633 110110
547 2597 720 2646 propter
752 2590 889 2645 rigido
923 2590 1151 2631 Tarsensis
1184 2590 1239 2632 ab
1273 2599 1391 2641 ense,

225 2663 347 2704 Hane
382 2669 554 2717 propter
585 2663 718 2704 voluit
749 2661 942 2703 Barbara
975 2667 1126 2702 saneta
1158 2661 1274 2702 mori.

166 2734 369 2775 Urentem
403 2734 589 2775 moriens
622 2733 770 2774 temnit
803 2732 1059 2773 Laurentius
1092 2731 1248 2785 ignem,

169 2883 178 2903 ¹
206 2884 363 2928 dampna
388 2885 432 2918 A.
