1919 3273
294 83 364 117 474

580 225 695 266 Inter
726 224 908 279 prandia
939 224 1013 266 ubi
1043 223 1232 266 incidere
1265 224 1389 265 nobis

584 297 814 338 Sermones
847 297 953 337 varii
986 296 1110 337 modo
1143 296 1215 347 hii,
1249 296 1375 337 modo
1407 295 1478 337 illi.

584 368 700 409 Inter
723 381 901 409 coenam
924 367 997 409 ubi
1018 368 1197 421 quisque
1231 380 1328 408 mox
1359 366 1520 408 sodalis

585 438 725 480 Garrit
759 439 947 491 liberius,
982 440 1183 491 salesque
1217 438 1357 479 fundit

586 511 762 551 Festiva
793 510 963 564 lepidus
996 510 1271 563 loquacitate,

584 582 650 622 Illi
682 582 753 622 Dii
785 581 898 622 bona
931 582 1064 622 multa
1097 581 1200 622 dent
1233 581 1425 632 merenti,

587 654 640 694 Et
674 654 804 694 talem
837 654 974 706 magis
1008 666 1059 694 ac
1092 653 1229 706 magis
1262 653 1435 694 beanto.

591 725 677 766 Sed
709 725 793 765 iam
826 731 868 765 te
900 738 1019 777 rogo,
1054 731 1097 764 tu
1129 724 1303 777 rogabis
1335 725 1453 765 illum

589 797 653 837 Ne
687 797 857 851 pigrere
892 795 1074 837 subinde
1107 802 1237 848 tuque
1272 803 1312 837 et
1345 795 1416 836 ille

592 867 829 909 Obscurum
863 873 1035 908 tenuem
1061 873 1103 908 et
1125 874 1297 920 poetam
1330 868 1519 921 ineptum

592 940 715 980 Claro
749 939 1024 993 magnanimo
1059 946 1101 979 et
1133 938 1222 979 viro
1257 938 1425 980 efficaci

595 1011 794 1052 Ursinum
827 1022 1063 1051 memorare
1097 1009 1342 1051 Broderico.

358 1221 432 1257 Ad
461 1221 663 1268 ampliss.
690 1221 842 1257 virum
874 1221 923 1256 D.
953 1220 1176 1256 'I'homam
1202 1220 1374 1256 Rufum
1400 1219 1757 1256 Colosvarinum

881 1286 1212 1322 consolatoria.
1224 1287 1233 1306 1

460 1405 577 1446 Mitte
603 1418 740 1456 curas7
775 1418 860 1446 non
882 1405 967 1445 iam
990 1418 1103 1445 nunc
1137 1410 1202 1445 est
1225 1404 1301 1445 tibi
1328 1416 1460 1444 causa
1483 1402 1655 1454 doloris,

520 1477 726 1530 Hungara
760 1489 870 1529 quae
904 1476 1106 1529 denegat,
1140 1476 1258 1516 laeta
1288 1474 1457 1516 Vienna
1490 1473 1621 1515 dedit.

646 1686 872 1722 Ioachimi
899 1685 1103 1722 Vadiani
1138 1685 1445 1723 Oetostichon.
1464 1686 1476 1705 2

466 1798 705 1839 Caesareas
738 1798 904 1849 laudes7
940 1798 1180 1850 doctaeque
1215 1797 1405 1838 verenda
1438 1796 1631 1837 Viennae

527 1869 761 1923 Gymnasia
795 1876 837 1910 et
870 1870 1009 1911 cultus
1042 1869 1215 1910 Austria
1247 1868 1363 1909 bella
1396 1875 1506 1917 tuos7

467 1941 675 1982 Emuncto
710 1942 864 1983 cecinit
897 1955 982 1982 non
1014 1941 1110 1982 vilis
1145 1940 1332 1982 carmine
1364 1946 1488 1981 vates

527 2013 825 2059 Wolfhardus
861 2013 948 2054 vati
980 2013 1161 2067 pulchra
1193 2011 1362 2052 Vienna
1393 2010 1507 2061 fave,

468 2085 575 2125 Nam
611 2084 778 2125 decoris
814 2084 1043 2137 famaeque
1078 2084 1154 2125 tibi
1186 2082 1431 2137 multiplicis
1467 2088 1589 2122 autor

528 2156 689 2197 Extulit
720 2157 763 2197 in
796 2156 938 2197 varias
972 2162 1033 2196 tot
1065 2160 1341 2196 monumenta
1372 2154 1541 2207 plagas,

471 2228 591 2277 Quae
615 2241 696 2269 nec
716 2234 885 2281 tempus
910 2227 1034 2277 edax,
1058 2227 1260 2281 precibus
1283 2239 1364 2267 nec
1388 2225 1518 2265 surda
1540 2229 1735 2266 vetustas

530 2300 761 2341 Destituet.
795 2300 953 2340 Rerum
986 2299 1173 2340 carmine
1208 2297 1332 2339 durat
1365 2297 1515 2338 honos.

444 2463 454 2482 1
500 2464 692 2501 „Ioachimi
731 2463 887 2497 Vadiani
924 2463 1148 2496 Minusculae
1188 2461 1389 2505 poeticae.“
1435 2460 1469 2493 A
1508 2459 1633 2502 ko‘nyv
1670 2456 1817 2501 vegen:

329 2524 540 2567 „Tubingae
569 2523 665 2566 apud
693 2523 870 2556 Thomam
897 2522 1159 2556 Anschelmum
1185 2521 1402 2554 Badensem.
1441 2519 1550 2553 Anno
1585 2518 1629 2552 M.
1644 2518 1686 2551 D.
1702 2516 1814 2550 XIII.“

326 2581 621 2627 Negyedretben.
649 2580 888 2625 Kemenynel,
917 2581 1142 2615 Kalaszatok
1168 2591 1202 2623 p.
1231 2580 1285 2613 88.

449 2642 461 2660 2'
492 2642 663 2677 „Adriani
701 2641 912 2675 Wolfhardi
950 2640 1212 2684 Transsylvani
1237 2639 1441 2683 Panegyris
1468 2638 1513 2672 ad
1539 2635 1821 2671 Invictissimum

329 2702 523 2737 Caesarem
542 2701 823 2735 Maximilianum
842 2711 985 2744 semper
1002 2700 1243 2744 Augustumf·
1274 2699 1308 2732 A
1328 2699 1452 2742 k‘onyv
1470 2695 1605 2741 vegen:
1637 2695 1820 2735 „Viennae

328 2762 538 2796 Pannoniae
566 2772 631 2805 per
656 2760 916 2803 Hieronymum
943 2761 1128 2794 Victorem
1150 2758 1390 2792 Philovallem
1417 2761 1451 2791 et
1477 2757 1650 2790 Ioannem
1677 2753 1820 2798 Singre-

328 2822 426 2856 nium
466 2822 510 2855 (le
551 2820 681 2865 Oeting
720 2819 994 2864 Calcographos
1033 2818 1336 2862 diligentissimos
1375 2816 1498 2850 Tertio
1536 2815 1622 2848 Idus
1648 2811 1820 2857 Augusti.

328 2882 436 2915 Anno
463 2881 543 2914 Dni.
571 2881 614 2914 M.
630 2880 672 2913 D.
687 2880 788 2914 XHf‘
819 2879 1114 2924 Negyedretben,
1141 2878 1267 2911 harom
1292 2877 1366 2911 ivre
1393 2878 1618 2921 nyomtatva.
