1919 3273
303 120 374 153 440

304 270 392 304 tate
441 270 481 304 et
513 263 721 316 religione
765 263 1007 317 praeditum
1053 277 1150 306 esse
1195 265 1502 318 perspexisset,
1549 265 1727 319 primum
1772 281 1797 308 a

305 335 483 378 secretis
506 335 680 387 delegit,
705 334 862 376 deinde
896 335 1222 389 opulentissima
1250 336 1552 390 praepositura
1573 337 1799 380 honoravit

306 415 348 449 et
380 406 436 447 ad
464 406 668 459 inclytum
697 406 975 447 Venetiarum
1002 407 1238 461 principem
1266 408 1650 461 gravissimumque
1675 422 1799 450 sena-

305 485 393 519 tum
426 483 468 518 te
503 484 716 518 oratorem
750 478 925 531 saepius
958 478 1042 518 iam
1075 478 1250 530 legavit.
1286 478 1381 528 Qua
1414 478 1585 531 quidem
1616 480 1659 520 in
1682 480 1799 533 lega-

305 551 422 591 tione
469 549 578 590 adeo
627 548 861 602 prudenter
905 548 1015 590 adeo
1061 549 1255 590 modeste
1301 548 1410 590 adeo
1444 550 1644 603 graviter,
1690 550 1800 592 adeo

305 621 506 674 benigne7
553 620 662 661 adeo
696 619 922 673 splendide
955 626 997 661 te
1032 620 1159 673 geris,
1206 627 1251 660 ut
1285 621 1472 661 omnium
1506 621 1652 662 oculos
1683 622 1726 662 in
1759 628 1800 663 te

306 698 547 741 e011vertaS‚
583 704 819 744 omnesque
853 690 1038 743 denique
1072 690 1129 731 ad
1151 698 1193 732 te
1227 691 1455 732 amandum
1489 692 1800 746 colendumque

310 763 518 818 pellicias.
566 763 632 804 Me
667 770 781 804 certe
815 771 889 803 tua
923 762 1129 815 singulari
1166 762 1432 804 humanitate
1465 763 1525 804 ita
1558 764 1723 817 cepisti,
1757 770 1801 805 ut

310 843 352 876 te
385 848 471 875 non
503 834 709 875 felicitate
743 833 882 885 modo,
917 847 1063 875 verum
1095 834 1415 875 immortalitate
1449 847 1618 887 quoque
1642 835 1801 888 dignis-

307 907 460 948 simum
495 919 592 947 esse
617 906 867 947 existimem.
900 905 980 945 Illa
1012 918 1113 946 vero
1138 905 1173 946 si
1195 911 1237 946 te
1261 905 1421 946 donare
1444 919 1617 960 possem
1640 906 1801 947 nullum

309 978 509 1031 equidem
543 977 738 1030 quamvis
771 990 971 1030 magnum
1004 976 1197 1017 laborem
1228 989 1487 1023 recusarem,
1522 977 1633 1030 quod
1659 984 1800 1018 autem

307 1062 496 1104 possum,
543 1049 656 1089 hanc
701 1047 1117 1089 lucubratiunculam
1164 1055 1354 1089 nostram
1401 1047 1478 1089 tibi
1523 1048 1677 1100 dicavi,
1719 1061 1801 1101 quo

307 1134 464 1162 nomen
497 1126 614 1161 tuum
648 1133 735 1160 una
769 1132 863 1160 eum
898 1118 1021 1160 Ovid.
1045 1119 1380 1172 Metamorphosi
1402 1132 1480 1172 per
1499 1125 1634 1160 totum
1657 1119 1802 1160 orbem

310 1192 598 1233 Christianum
639 1191 881 1243 ubicunque
926 1190 1105 1231 Latinus
1151 1190 1321 1231 auditur
1366 1203 1518 1241 sermo,
1563 1190 1804 1232 celebretur

308 1270 437 1316 atque
476 1263 721 1304 lectitetur.
747 1297 753 1303 .
780 1297 787 1304 .
822 1262 929 1303 Vale
963 1262 1162 1303 eximium
1194 1262 1473 1302 humanitatis
1509 1269 1551 1302 et
1582 1261 1802 1315 religionis

308 1335 579 1376 Christianae
634 1341 943 1376 ornamentum.
1008 1333 1202 1374 Venetiis
1265 1333 1363 1374 VIII
1427 1332 1603 1374 Calend.
1657 1332 1802 1373 Iunias

307 1407 359 1448 M.
383 1406 434 1446 D.
462 1406 576 1447 XIII.

368 1677 775 1713 Reverendissimo
803 1675 1002 1712 Domino
1031 1675 1226 1711 Domino
1253 1674 1450 1710 Nicolao
1479 1673 1534 1710 de
1563 1673 1748 1709 Gerend

310 1742 660 1778 Transilvanen.
700 1742 929 1789 Episcopo
972 1742 1140 1779 Sacrae
1179 1741 1493 1777 Romanorum
1530 1738 1802 1784 Hungariae

309 1809 356 1845 et
393 1807 648 1844 Bohemiae
677 1808 763 1843 ete.
802 1806 981 1854 Regiae
1021 1806 1280 1843 Maiestatis
1306 1805 1473 1842 intimo
1516 1803 1803 1840 consiliario.

695 1898 858 1943 (Georgii
884 1909 904 1932 a
930 1898 1184 1933 Reicherstorf
1207 1897 1389 1941 epistola.)
1405 1896 1415 1915 ¹

430 2059 438 2067 .
465 2060 472 2068 .
499 2061 506 2068 .
534 2025 722 2075 Quorum
748 2022 1078 2078 (historicorum)
1107 2024 1150 2065 in
1171 2036 1346 2064 numero
1371 2021 1519 2076 quanti
1542 2020 1616 2062 fiat
1649 2020 1802 2061 Thuc-i-

312 2098 448 2149 dides,
482 2097 761 2149 Polibiusque
783 2097 877 2137 Tua
900 2095 1278 2137 Reverendissima
1299 2093 1558 2144 Dominatio⁷
1583 2104 1693 2144 quae
1716 2097 1803 2132 tam

310 2181 576 2223 graecorum„
603 2181 728 2221 quam
760 2168 988 2208 latinorum
1021 2167 1281 2208 monimenta
1310 2165 1489 2219 plurima
1524 2161 1802 2217 percurrisse⁷

311 2241 591 2292 diversasque
625 2239 825 2292 regiones
859 2245 901 2280 et
933 2238 1177 2292 provincias
1209 2237 1510 2291 perlustrasse,
1544 2233 1803 2289 perspectis-

313 2312 463 2353 simum
497 2318 575 2361 est7
610 2310 727 2351 haud
759 2311 929 2364 ignorat
958 2343 965 2350 .
997 2344 1003 2350 .
1037 2343 1044 2349 .
1080 2310 1240 2350 Datum
1272 2307 1447 2349 Posonii
1481 2306 1627 2348 Galen.
1664 2304 1801 2345 febru.

311 2385 433 2424 Anno
457 2416 466 2425 .
491 2417 498 2425 .
524 2417 531 2425 .
559 2382 685 2424 1541.

430 2665 441 2684 ¹
473 2665 697 2707 „Moldaviae
737 2675 830 2708 quae
858 2665 943 2698 olim
981 2663 1118 2697 Daciae
1144 2672 1241 2706 pars,
1281 2661 1567 2706 Chorographia‚
1597 2659 1755 2704 Georgio
1785 2669 1804 2692 a

311 2725 565 2760 Reicherstorf
589 2724 840 2768 Transylvano
861 2752 867 2758 .
889 2751 894 2757 .
916 2740 922 2757 .·
952 2726 1088 2757 autore.
1116 2723 1297 2756 Excusum
1317 2721 1478 2755 Viennae
1504 2719 1719 2754 Pannoniae
1737 2728 1803 2761 per

311 2786 485 2819 Ioannem
512 2784 743 2828 Singrenium
768 2783 812 2817 M.
828 2784 869 2817 D.
885 2782 995 2816 XLI*
1037 2779 1332 2826 Negyedretben.
1372 2780 1573 2814 Bovebben
1600 2777 1678 2812 szol
1705 2788 1724 2812 e
1751 2777 1802 2811 ki·

313 2843 460 2879 adasrol
486 2842 663 2887 Keme'ny,
692 2842 927 2881 Kalaszatok‚
955 2853 988 2885 p.
1017 2842 1085 2881 73„
1113 2842 1166 2874 74.
