1955 3278
355 152 423 186 188

1021 349 1168 391 Alz‘fewl.

532 473 633 519 Quid
667 476 761 518 stas,
797 471 889 519 quid
923 470 1077 518 stupida
1111 469 1304 506 cunctaris
1340 472 1466 505 mente
1500 468 1625 504 viator
1638 466 1657 502 'J'

591 544 685 590 Quis
718 543 857 580 fuerim
890 542 1022 579 forsan
1056 545 1094 578 tu
1129 552 1281 588 quoque
1315 540 1415 577 scire
1447 538 1557 576 velis.

532 616 693 653 Praesul
726 627 844 657 eram,
880 614 984 650 claro
1019 613 1266 650 Thursonum
1300 611 1487 658 sanguine
1521 614 1662 648 cretus.

591 687 639 724 Et
673 686 765 723 mihi
797 684 969 723 tantillus
1004 685 1163 731 contigit
1197 695 1288 720 ecce
1322 683 1442 719 locus.

1023 848 1173 889 Aliud.

532 972 571 1009 Si
605 971 761 1018 quaeris
794 969 927 1007 forsan
960 967 1149 1017 perchare
1183 968 1308 1004 viator
1340 968 1377 1003 in
1410 967 1484 1004 isto

591 1042 686 1087 Quis
721 1042 792 1078 sim
826 1041 890 1088 qui
923 1043 1076 1077 teneam
1110 1038 1281 1076 membra
1314 1041 1474 1086 reposta
1504 1038 1589 1075 loco
1605 1038 1624 1073 ἶ)

531 1115 670 1151 Pastor
703 1125 807 1150 eram
842 1112 986 1160 populi,
1022 1110 1218 1147 Thursino
1252 1113 1455 1147 stemmate
1489 1108 1630 1152 clarus,

593 1185 669 1222 Sed
701 1184 795 1232 liqui
829 1182 1013 1231 quicquid
1045 1186 1151 1219 terra
1182 1193 1349 1230 operosa
1380 1184 1499 1224 tenet,

532 1258 631 1294 Nam
653 1255 796 1293 mundo
824 1255 1053 1303 peregrinus
1075 1265 1192 1300 eram,
1227 1255 1432 1290 revocatus
1465 1251 1515 1288 ad
1547 1250 1665 1289 aedes

590 1328 689 1364 Hinc
722 1327 882 1375 patrias,
919 1325 1081 1374 posthac
1115 1336 1237 1372 usque
1271 1325 1398 1371 quiete
1431 1323 1551 1360 fruar.

1023 1488 1172 1531 Aliud.

534 1612 751 1649 Thursonis
783 1612 912 1659 magni
945 1611 1148 1648 demortua
1181 1610 1383 1658 praesulus
1417 1620 1508 1646 ossa

590 1684 674 1721 Hoc
708 1683 903 1721 modicum
934 1694 1081 1727 saxum,
1116 1681 1239 1718 lector
1270 1681 1405 1725 amice,
1440 1679 1557 1717 fovet.

529 1757 598 1793 Vis
631 1759 722 1792 tune
755 1754 911 1792 tandem
944 1753 1085 1791 mundo
1119 1752 1348 1791 confidere‘.>
1382 1763 1499 1800 quum
1533 1752 1581 1789 sit

590 1828 666 1864 Res
700 1825 895 1863 mundana
927 1824 1056 1873 fugax,
1092 1825 1205 1867 fluxa,
1241 1823 1402 1868 caduca,
1436 1822 1545 1860 Ievis.

532 1897 688 1936 Scilicet
720 1898 929 1934 humanam
961 1896 1057 1933 haec
1091 1899 1220 1933 manet
1253 1895 1471 1943 expectatio
1504 1894 1633 1937 vitam,

592 1968 727 2007 Omnis
760 1972 801 2006 ut
832 1968 907 2005 hiis
940 1968 1079 2016 positis
1112 1967 1253 2015 migret
1284 1965 1331 2003 ad
1367 1969 1471 2003 astra
1504 1965 1628 2002 bonis.

1022 2130 1171 2172 Aliud.

529 2252 703 2295 Dormio,
737 2262 814 2288 non
847 2251 936 2294 obii,
971 2253 1152 2298 reparata
1185 2261 1300 2286 carne
1333 2260 1547 2297 resurgam,

589 2323 731 2360 Ultima
764 2323 979 2371 praecipiet
1012 2333 1172 2369 surgere
1205 2320 1358 2368 quando
1391 2320 1497 2358 tuba.

530 2395 641 2431 Tunc
673 2393 869 2431 dominun]
903 2394 1061 2442 propria
1093 2394 1256 2430 vestitus
1289 2393 1390 2440 pelle
1422 2391 1562 2429 videbo

589 2464 699 2502 Valle
733 2465 899 2502 Sionaea
933 2464 1147 2502 dissociare
1180 2475 1351 2512 gregem.

528 2537 680 2573 Interea
713 2537 931 2583 quicunque
964 2535 1103 2584 pedem
1136 2535 1208 2572 hac
1242 2534 1435 2572 diflexeris
1468 2546 1635 2582 unquam

589 2608 662 2644 Dic
695 2618 790 2655 rogo
825 2606 1043 2644 Thursonis
1076 2606 1245 2643 svaviter
1278 2617 1369 2644 ossa
1402 2606 1554 2645 cubent.
