1955 3278
310 116 378 151 236

313 413 379 446 110

312 768 377 801 115

312 1124 381 1158 120

313 1480 379 1513 125

316 1836 382 1871 130

318 2546 384 2581 140

495 261 634 313 Atque
668 259 794 301 docet
829 259 954 300 variis
988 259 1147 313 pagina
1181 259 1341 312 scripta
1372 258 1489 300 locis.

434 332 624 373 Noscere
659 331 781 385 plura
814 330 935 381 velis,
970 330 1070 383 quia
1102 330 1259 371 labitur
1292 329 1399 371 hora
1431 335 1626 370 vetustos

496 401 695 450 Consule,
731 401 801 454 qui
834 401 1038 451 referant,
1073 400 1256 442 candide
1289 401 1437 451 lector,
1474 414 1590 442 avos.

430 472 583 515 Omnia
616 486 699 514 non
734 472 852 526 potui
886 472 1073 513 aeternis
1107 472 1370 513 committere
1405 471 1578 523 chartis⁷

494 544 722 597 Langueat
754 543 992 585 immodicis
1026 556 1079 584 ne
1112 556 1264 584 manus
1297 543 1393 596 ipsa
1426 543 1551 584 notis.

429 615 636 669 Hungara
669 628 777 668 gens
810 615 939 668 igitur
971 615 1085 656 bello
1118 615 1340 668 partisque
1373 614 1611 667 triumphis,

490 686 616 728 Clara
648 686 727 726 fuit
761 699 944 739 semper,
978 685 1107 726 fortia
1140 692 1266 739 gesta
1299 685 1466 727 docent.

428 758 581 799 Nullus
615 757 686 810 qui
719 756 983 809 Hungariam
1018 769 1149 797 saevo
1184 763 1373 797 mavorte
1406 756 1572 810 petivit,

487 828 633 870 Victor
666 836 770 879 erat,
805 841 902 868 mox
936 827 1013 868 sed
1047 827 1182 868 caede
1215 827 1415 881 repulsus
1448 827 1549 868 abit.

431 900 539 941 Nam
561 899 729 952 quoties
753 898 948 940 Thurcas
980 899 1130 939 molles
1158 898 1378 951 fortesque
1412 898 1628 940 Bohemos

491 971 698 1024 Hungara
732 983 840 1023 gens
874 970 1052 1024 pepulit,
1087 969 1243 1011 finibus
1278 983 1303 1010 a
1334 970 1496 1023 patriis.

430 1042 525 1083 Non
560 1055 668 1096 opus
693 1048 759 1083 est
783 1041 941 1083 nostris
962 1041 1071 1082 11300
1093 1041 1282 1082 scribere
1315 1041 1434 1082 facta
1453 1040 1625 1092 libellis,

492 1113 657 1155 Edocet
690 1113 771 1154 hoc
804 1112 947 1154 multis
981 1125 1136 1166 aspera
1170 1125 1317 1166 pugna
1348 1112 1467 1153 locis.

432 1185 486 1226 At
518 1192 747 1238 postquam
781 1190 972 1226 nostrum
1009 1183 1231 1237 Stephano
1265 1189 1476 1237 regnante
1499 1182 1630 1224 beato

489 1255 677 1309 Agnovit
711 1255 941 1306 Christum,
975 1256 1114 1309 patria
1148 1255 1272 1296 turba
1305 1255 1442 1307 simul,

431 1327 672 1369 Servabant
705 1326 904 1380 placidae
942 1326 1172 1368 concordia
1204 1326 1383 1368 foedera
1414 1327 1550 1381 pacis,

492 1398 701 1440 Omnibus
733 1411 820 1438 una
851 1397 952 1439 viris
985 1411 1106 1439 mens
1140 1411 1356 1451 genorosa
1387 1397 1480 1440 fuit.

431 1469 622 1523 Legibus
646 1469 840 1520 internis,
871 1469 1107 1523 rigidisque
1135 1469 1377 1511 fornisecus
1400 1467 1443 1523 (1)
1461 1468 1474 1491 ¹
1505 1468 1646 1510 armis.

490 1540 636 1582 Tutati
668 1540 839 1581 fuerant
872 1541 1022 1591 menia,
1057 1547 1213 1592 castra,
1248 1553 1385 1582 casas.

431 1612 529 1653 Iura
562 1611 737 1663 dabant,
772 1611 982 1665 siquidem
1018 1613 1182 1653 cunctis
1215 1618 1316 1653 tunc
1347 1612 1472 1653 lance
1505 1611 1624 1653 fideli

493 1682 681 1733 Quilibet
714 1683 916 1736 antiquae
950 1683 1059 1736 legis
1094 1689 1258 1723 amator
1292 1690 1398 1724 erat.

433 1755 619 1796 Maxima
652 1767 753 1796 cura
785 1754 864 1795 fuit
898 1753 1052 1795 dubias
1086 1767 1342 1808 componere
1375 1754 1485 1804 lites,

494 1825 730 1867 Discordes
764 1825 959 1867 homines
994 1825 1223 1866 conciliare
1258 1825 1394 1866 simul.

432 1897 523 1939 Nec
556 1898 757 1952 princeps
790 1897 912 1950 regni
945 1897 1067 1950 leges
1100 1896 1344 1938 tolerabant
1367 1894 1412 1949 (!)
1442 1895 1624 1948 iniquas,

492 1968 732 2010 Causidicis
765 1968 957 2009 tribuens
991 1968 1183 2022 praemia
1216 1968 1348 2021 digna
1380 1968 1480 2008 suis.

432 2039 625 2081 Invidiae
659 2039 852 2081 stimulos
885 2039 1146 2093 frangebant
1178 2045 1336 2089 mente,
1371 2038 1531 2092 sagaci.

495 2110 697 2152 Sineerus
730 2110 865 2152 Iudex
898 2117 1027 2163 atque
1061 2110 1248 2152 tribunal
1282 2116 1385 2155 erat,

433 2181 563 2222 Liber
596 2188 687 2222 erat
721 2181 882 2223 sanctis
916 2180 1057 2223 aditus
1089 2181 1333 2233 virtutibus,
1368 2187 1510 2233 atque,

466 2233 601 2293 0Tum
635 2252 754 2293 licuit
786 2266 933 2294 verum
968 2252 1111 2294 dicere
1145 2252 1321 2293 liberius

434 2324 593 2365 Debita
625 2324 768 2365 virtuti
801 2331 902 2365 tunc
933 2324 1042 2373 laus,
1076 2331 1177 2365 tunc
1209 2324 1353 2365 vivere
1387 2323 1569 2364 honeste

494 2394 698 2436 Sanctum
732 2401 838 2445 erat,
874 2402 916 2436 et
949 2395 1158 2437 scelerum
1191 2409 1304 2449 pena
1337 2394 1497 2436 luenda
1527 2395 1625 2436 reis.

433 2467 555 2508 Tunc
589 2466 656 2506 0111
689 2466 867 2517 virtutis,
904 2466 1017 2515 iusti,
1051 2466 1323 2519 integritatis,
1359 2466 1543 2518 honesti,

494 2537 596 2578 Plus
629 2537 780 2587 inerat,
814 2543 933 2578 tanto
967 2537 1063 2591 plus
1097 2537 1370 2578 venerandus
1404 2544 1507 2579 erat.

433 2608 643 2662 Principis
676 2608 897 2662 imperium
932 2614 1162 2649 tenuerunt
1194 2608 1361 2650 fortiter
1394 2621 1556 2659 omnes,

493 2679 773 2720 Praestantes
806 2679 866 2720 illi
899 2679 1087 2733 pectoris
1122 2680 1345 2732 obsequia,

434 2750 708 2804 Spernebant
741 2751 895 2801 animo,
930 2751 1040 2792 male
1074 2764 1181 2792 sana
1214 2750 1426 2806 cupidinis
1460 2764 1591 2802 arma,

493 2821 545 2861 Et
578 2822 739 2863 ventris
775 2821 925 2863 dulces
958 2821 1212 2863 luxuriantis
1246 2835 1364 2876 opes.

436 2914 444 2932 ¹
474 2929 505 2931 -
526 2914 762 2949 extrinsecus.
