1955 3278
97 480 166 512 410

96 835 164 868 415

97 1191 165 1224 420

97 1902 165 1935 430

98 2257 165 2290 435

99 2612 168 2645 440

1508 115 1581 149 337

246 257 302 298 Ut
332 256 433 297 lusit
467 256 572 298 satis
607 261 648 297 et
680 256 927 297 resonantia
959 257 1113 309 pollice
1147 257 1219 299 fila

246 327 462 382 Increpuit
496 326 660 377 Getico,
693 326 851 367 Marius
884 327 1059 369 meliore
1092 329 1263 381 loquela

244 399 372 439 Parte
406 399 490 439 alia
522 398 686 443 recitat,
722 397 890 439 devicto
925 398 1083 439 Cesare
1117 406 1270 452 gentes

245 469 518 519 Rhenieolas,
553 474 842 520 quantumque
876 469 944 522 pio
979 468 1234 511 Germanica
1268 478 1409 512 castra

247 540 520 581 Succubuere
554 539 663 591 duci⁷
698 546 881 591 quantos
915 546 957 580 et
988 540 1145 581 fuderit
1178 542 1324 583 hostes

244 610 518 651 Vuladislaus
552 623 674 663 equo,
709 616 892 663 quantos
926 617 967 652 et
999 612 1130 653 milite
1165 613 1327 653 Turcos

244 681 419 735 Fugerit
451 681 663 732 armifero,
699 688 968 734 quantasque
1003 683 1080 723 sub
1106 696 1208 724 ense
1241 684 1439 725 cohortes

244 752 442 793 Truderit
470 750 514 805 (l)
549 752 741 803 hostiles,
775 753 919 806 gladio
954 760 1054 805 quot
1087 753 1235 795 vicerit
1267 755 1407 796 urbes.

246 823 501 876 Quantaque
535 824 772 865 Pannonici
804 830 1000 865 narratur
1031 825 1168 878 gloria
1200 825 1313 867 belli.

244 895 385 936 Prelia
418 900 577 947 quanta
610 908 737 935 manu
770 895 970 949 princeps
1004 901 1046 936 et
1078 897 1261 949 gesserit
1294 898 1394 942 acri,

244 966 384 1019 thue
419 965 542 1007 sedet
574 966 709 1007 victor
739 966 876 1019 regali
909 972 1031 1007 veste
1065 967 1275 1021 quadriga

244 1038 479 1090 Laurigero
514 1044 555 1078 et
589 1043 748 1089 quanto
781 1037 983 1091 princeps
1017 1038 1211 1091 efulgeat
1244 1052 1346 1080 auro

246 1108 406 1150 Obvius
440 1114 485 1148 ut
517 1108 673 1149 totiens
707 1108 825 1149 stetit
857 1108 1053 1150 hostibus
1085 1109 1269 1162 inclytus
1292 1111 1418 1151 armis

245 1180 494 1230 Innumeris,
531 1192 636 1232 quos
671 1180 763 1220 sola
797 1179 913 1220 dedit
944 1179 1173 1233 prudentia
1205 1181 1336 1234 Regis

242 1251 423 1292 Vincere
447 1263 576 1304 posse
599 1250 726 1302 viros,
752 1257 853 1303 quot
876 1251 1011 1304 gessit
1030 1251 1072 1291 in
1095 1251 1197 1292 orbe
1221 1252 1456 1306 triumphos

246 1322 439 1363 Concinit
473 1327 514 1362 et
547 1321 696 1374 quales
730 1322 916 1363 existant
949 1322 1095 1363 Martis
1127 1322 1325 1364 honores.

246 1393 457 1435 Conticuit
489 1392 663 1433 tandem
696 1393 958 1445 vigilataque
992 1393 1138 1434 limina
1171 1395 1316 1435 stratis

246 1465 506 1506 Submittunt
529 1470 763 1516 curantque
787 1464 947 1515 thoros,
972 1471 1014 1505 et
1037 1465 1226 1506 membra
1247 1473 1470 1519 reponunn

244 1536 379 1577 Mater
411 1541 457 1576 ut
490 1535 662 1576 emicuit
695 1535 839 1576 defleti
872 1536 1108 1576 Memnonis
1142 1549 1217 1577 ora

244 1607 505 1658 Pannonica⁷
539 1606 760 1659 radijsque
794 1607 914 1649 novis
949 1620 994 1647 se
1029 1609 1187 1660 sparsit
1219 1607 1260 1647 in
1294 1621 1407 1648 arva.

245 1678 366 1719 Tunc
399 1678 536 1719 claros
571 1678 736 1729 equites
770 1678 970 1731 princeps
1005 1691 1258 1718 concurrere
1291 1679 1415 1719 iussit

245 1750 306 1790 Ac
340 1755 504 1790 certare
538 1748 656 1789 acies
690 1748 798 1789 divis
833 1748 1128 1802 spectantibus
1163 1762 1284 1790 acres

243 1821 542 1872 Ductoresque
576 1832 677 1860 suos
710 1820 845 1861 lectas
879 1826 1042 1860 certare
1077 1820 1273 1861 choortes
1297 1818 1339 1874 (1)

245 1891 459 1932 Admonet
492 1896 534 1932 et
566 1897 683 1932 certo
717 1891 967 1944 contingere
1001 1904 1179 1944 corpora
1211 1898 1342 1932 tactu.

246 1964 411 2004 Primus
442 1962 549 2002 inire
582 1975 753 2002 manum
785 1962 902 2003 vario
937 1961 1168 2003 certamine
1201 1968 1360 2003 turmas

246 2033 517 2075 Vuladislaus
552 2046 660 2085 equo
695 2032 833 2084 docet,
868 2033 1040 2085 agmina
1074 2032 1228 2074 deinde
1263 2046 1427 2083 severa,

247 2105 384 2157 Atque
418 2104 548 2154 acies,
583 2104 847 2156 comitesque
882 2104 1006 2144 simul
1029 2103 1290 2145 contendere
1314 2104 1461 2146 Marte.

244 2176 416 2216 Prosilit
448 2175 547 2216 hinc
581 2174 840 2228 Stephanus,
876 2175 1007 2216 decus
1031 2174 1281 2216 admirabile
1306 2176 1462 2217 Martis.

248 2246 393 2287 Cassis
427 2252 517 2287 erat
549 2247 711 2287 munita
744 2246 861 2293 feris,
896 2247 1134 2300 triplexque
1168 2247 1352 2300 resurgit

248 2317 385 2359 Crista
417 2317 555 2368 iubas,
590 2324 680 2358 erat
713 2318 962 2370 intorquens
996 2318 1240 2359 discrimina
1272 2319 1391 2371 ponti

248 2388 392 2441 Scylla
424 2401 565 2442 super,
600 2389 812 2441 mirosque
847 2402 999 2429 canum
1032 2389 1232 2443 portabat
1265 2389 1417 2430 hiatus.

245 2460 542 2512 Victoremque
575 2465 748 2500 monent
780 2460 991 2513 fulgentia
1023 2460 1182 2501 vertice
1216 2467 1405 2501 monstra

247 2531 449 2584 Ignifero,
472 2536 517 2571 ut
539 2531 633 2572 fera
654 2545 748 2572 cum
770 2537 900 2585 pavet
922 2532 1064 2572 omnia
1088 2538 1260 2585 sceptra
1281 2538 1469 2572 cometes

249 2601 372 2643 Crine
407 2615 497 2653 suo,
531 2601 762 2654 radiosque
796 2603 893 2655 polo
926 2602 1056 2644 vomit
1089 2607 1181 2642 atra
1212 2602 1415 2643 rubentes

247 2673 350 2723 Fax,
386 2686 518 2715 saeva
549 2673 672 2713 terris
706 2673 933 2715 scintillam
966 2673 1060 2714 luce
1094 2673 1289 2714 minatur.

247 2743 350 2784 Inde
384 2750 590 2797 exceptus
624 2757 733 2796 equo
767 2745 939 2786 vexanti
973 2744 1192 2784 humentia
1224 2744 1347 2784 frena

248 2815 390 2856 Militis
424 2815 595 2857 adversi
628 2815 828 2869 pulchros
862 2815 903 2855 in
938 2828 1113 2868 corpore
1146 2814 1235 2855 fixit

247 2886 375 2937 Ictus,
410 2900 504 2927 cum
536 2886 644 2927 latro
676 2899 878 2940 rumpens
912 2886 1085 2927 hastilia
1117 2886 1242 2927 ferro.

173 2977 205 3004 E.
227 2969 321 3004 ᾸΒΕιι
344 2978 504 3005 ANALECTA
524 2986 613 3004 NOVA.
1401 2968 1446 3000 22
