1919 3273
339 129 408 162 340

337 566 404 599 525

339 922 407 956 530

338 1279 405 1312 535

342 1635 409 1669 540

347 1993 413 2026 545

350 2708 417 2741 555

482 271 736 313 Consultant
768 285 970 325 proceres
1003 272 1125 325 regni
1159 285 1288 326 super
1320 271 1515 313 onmibus
1548 285 1633 312 una

481 344 620 396 Atque
654 356 808 385 novum
834 343 1011 384 comites
1035 349 1228 384 statuunt
1262 342 1496 384 decernere
1519 356 1681 396 regem,

485 414 690 463 Quamvis
723 414 765 454 in
799 413 916 455 vario
951 420 1083 455 staret
1117 414 1334 455 sententia
1367 420 1482 454 motu

483 484 633 526 Gentis
667 492 708 526 et
741 485 783 525 in
817 486 971 539 vulgus
1005 491 1198 527 versaret
1230 484 1386 526 mobile
1422 493 1551 525 certa.

484 555 608 596 Hunc
641 570 741 609 pars
775 569 860 596 una
892 557 1052 607 volunt7
1087 556 1217 597 alium
1251 569 1351 610 pars
1384 556 1520 597 altera
1537 568 1683 609 regem

481 627 748 677 Acclamant,
784 627 862 669 sed
894 628 1029 669 maior
1062 634 1154 669 erat
1187 628 1415 669 coniuncta
1449 641 1601 668 sereno

484 699 734 748 Vuladislac
768 699 857 751 tibi,
893 700 1086 752 sequitur
1118 712 1243 752 quein
1277 699 1401 740 turba
1432 699 1580 740 favore

483 770 719 824 Multiplici,
754 771 1015 823 veniuntque
1049 770 1142 824 pari
1175 770 1253 811 sub
1289 784 1431 811 amore
1456 776 1655 824 potentes

486 842 700 883 Nobilitas
734 848 775 883 et
809 842 947 882 honos
982 847 1024 883 et
1056 855 1203 895 regem
1236 855 1342 883 voce
1376 842 1577 882 salutant.

486 913 592 954 Pars
626 913 811 955 adversa
843 913 944 954 furit
975 913 1122 967 patulo
1157 913 1392 954 certamina
1425 926 1576 967 campo

487 984 629 1026 Saeva
662 991 829 1038 petens7
865 990 907 1025 et
929 985 1016 1025 tela
1039 985 1202 1031 volens,
1225 990 1266 1025 te
1290 991 1495 1038 provocat
1518 985 1698 1025 hostem.

485 1056 755 1097 Conveniunt
788 1064 969 1109 urgente
1004 1055 1108 1096 tuba
1142 1056 1414 1109 clamoreque
1448 1056 1577 1096 multo

484 1128 793 1181 Agglomerant
826 1133 995 1180 gentes,
1031 1132 1073 1168 et
1106 1140 1262 1180 magno
1297 1127 1447 1168 ardore
1480 1127 1677 1168 laborant

485 1197 639 1239 Castra
671 1199 815 1240 locare
849 1199 968 1249 locis7
1002 1198 1118 1239 lituis
1153 1198 1478 1252 strepitantibus
1512 1211 1652 1239 auras.

489 1269 599 1310 Urbs
632 1270 705 1311 ubi
737 1270 897 1323 regalis
930 1270 1188 1323 proprioque
1222 1269 1374 1311 dicitur
1408 1269 1516 1310 Alba

486 1341 624 1382 Plana
655 1348 810 1383 tenens
843 1341 1014 1395 populis
1047 1341 1244 1382 habitata
1275 1341 1492 1382 ferocibus
1526 1354 1629 1382 arva

488 1412 685 1464 Nomina,
721 1412 795 1453 dat
826 1426 1004 1466 regnum
1030 1413 1227 1465 quotiens
1250 1412 1421 1454 devicta
1444 1412 1688 1466 superbum,

488 1483 608 1537 Rege
644 1484 786 1537 aliquo
821 1497 1060 1538 pacemque
1094 1484 1194 1525 viris
1229 1490 1272 1525 et
1304 1484 1397 1525 iura
1429 1484 1653 1525 ministrat.

490 1554 623 1603 Cesar
655 1562 700 1596 ut
731 1555 869 1596 infixit
903 1556 1048 1596 stratis
1081 1555 1267 1596 tentoria
1300 1556 1423 1597 terris

489 1626 622 1667 Multa
643 1640 773 1680 super
795 1640 929 1679 regno
952 1626 1179 1678 meditans,
1203 1640 1333 1680 super
1353 1626 1458 1668 urbe
1481 1626 1721 1680 propinqua

489 1698 659 1751 Cogitat
693 1704 735 1739 et
768 1705 930 1739 turmas
964 1698 1133 1739 demum
1169 1698 1409 1739 conclamat
1442 1697 1484 1738 in
1517 1711 1644 1738 unum

489 1769 723 1810 Terribiles
756 1776 919 1810 terrore
953 1782 1029 1810 suo
1063 1770 1269 1822 vultuque
1303 1769 1492 1810 minanti.

489 1841 727 1894 Alloquitur
762 1848 927 1882 stantes
962 1841 1119 1882 circum
1154 1854 1349 1881 sermone
1383 1840 1570 1893 benigno

488 1912 750 1966 Magnanimi
784 1912 961 1953 comites
995 1912 1212 1964 nimiaque
1248 1911 1447 1965 cupidine
1481 1911 1596 1965 capti

493 1984 653 2034 Martis,
687 1984 731 2024 in
765 1984 964 2037 egregios
997 1983 1227 2024 tendentes
1261 1996 1431 2036 semper
1464 1983 1649 2023 honores

492 2056 648 2097 Hostili
681 2070 897 2109 nunquam
933 2056 1111 2096 saturati
1146 2055 1369 2109 sanguine,
1405 2068 1538 2108 queso

495 2127 657 2169 Sumite
685 2141 766 2181 que
799 2127 996 2168 referam.
1030 2127 1116 2167 Vos
1150 2127 1232 2167 hac
1265 2140 1332 2167 me
1367 2134 1480 2167 sorte
1513 2126 1702 2167 vocastis

493 2198 539 2238 In
557 2212 749 2252 regnum7
769 2205 1043 2250 vestrumque
1063 2198 1228 2248 ducem,
1252 2197 1552 2250 dominumque
1574 2197 1773 2239 futurum.

494 2269 592 2323 Ipse
626 2270 766 2310 libens
798 2270 909 2321 veni,
945 2269 1045 2310 duxi
1078 2269 1211 2310 fortes
1247 2268 1413 2310 Suevos

495 2341 736 2395 Belligeros
770 2341 951 2394 equites,
986 2347 1028 2381 et
1060 2340 1203 2381 multis
1237 2340 1409 2393 agmina
1443 2340 1578 2393 signis

493 2412 704 2466 Insignita
736 2413 857 2463 meis,
891 2412 1058 2465 aquilas
1092 2411 1309 2465 gestantia
1341 2411 1494 2452 fulvas.

494 2484 617 2525 Nunc
651 2497 759 2538 opus
793 2490 859 2525 est
893 2484 1033 2535 armis,
1068 2489 1339 2535 tractareque
1364 2483 1479 2523 bella
1500 2482 1702 2523 Bohemis

496 2555 612 2596 Gens
646 2555 769 2596 nobis
802 2555 975 2596 inimica
1006 2554 1130 2595 nimis
1164 2555 1425 2606 multumque
1458 2553 1644 2595 rebellis.

496 2625 685 2679 Quisque
720 2639 821 2667 suas
854 2627 967 2667 vires
1001 2625 1214 2675 ostendat,
1250 2639 1489 2679 corpusque
1522 2625 1693 2679 periclis

499 2697 706 2739 Omnibus
740 2703 944 2751 opponat,
980 2710 1060 2738 nec
1093 2703 1210 2738 curet
1242 2697 1421 2737 vulnera
1454 2696 1588 2737 miles.

497 2769 587 2810 Hec
621 2776 686 2809 est
719 2769 793 2809 illa
828 2768 933 2817 dies,
969 2781 1050 2821 que
1083 2775 1272 2809 vestrum
1305 2781 1460 2808 nomen
1495 2766 1675 2821 Olympo

495 2840 698 2892 Extollet,
732 2840 890 2880 tribuet
921 2839 1044 2881 vobis
1079 2844 1121 2880 et
1154 2839 1298 2880 vivere
1333 2839 1437 2880 celo.

495 2911 641 2952 Hostis
665 2910 802 2961 adest,
837 2911 954 2964 cupit
984 2910 1055 2951 ille
1090 2909 1237 2950 furens
1261 2922 1513 2951 concurrere
1537 2922 1716 2960 mecum,
