1955 3278
359 115 427 149 056

359 269 427 302 255

363 1335 432 1369 270

481 258 679 310 Undique
714 271 842 310 quum
876 263 1035 300 teneat,
1072 263 1196 297 caute
1230 255 1342 297 vada
1367 269 1499 297 caeca
1523 262 1760 310 protervus,

540 328 723 370 Securos
757 336 918 382 portus7
953 327 1126 368 flumina
1159 334 1282 369 terna
1316 327 1452 368 simul.

478 400 566 442 Iam
600 400 723 440 timor
755 399 1005 441 Austriacos
1039 398 1226 452 graviter
1258 398 1484 452 perterruit
1517 411 1660 452 agros,

542 471 705 512 Carnus
741 476 782 511 et
815 470 990 511 assidue
1027 470 1138 511 bella
1173 469 1317 510 futura
1350 469 1481 510 timet.

481 542 609 583 Stiria
641 541 723 581 iam
758 540 958 595 trepidat,
992 540 1133 581 vicina
1165 541 1345 581 Polonia
1378 540 1567 593 languet.

541 613 783 653 Tristantur
814 612 975 665 populi,
1010 611 1202 665 proxima
1235 624 1370 664 regna
1403 618 1573 665 pavent.

483 683 594 738 Spes
627 683 706 724 fuit
739 683 811 724 illa
846 682 1016 736 quidem
1051 683 1209 736 regnis,
1245 683 1507 736 clypeusque
1541 682 1695 732 fidelis,

540 755 659 796 Haec
692 768 835 795 murus
868 753 1048 807 trepidis
1082 753 1246 795 civibus
1280 755 1388 794 alter
1420 759 1523 795 erat.

480 826 590 867 Hinc
623 825 838 879 trepidant
862 838 1011 866 omnes
1037 825 1197 879 pariter
1219 826 1483 877 iuvenesque
1506 837 1733 877 senesque.

541 897 632 938 Nec
665 903 839 938 cessant
871 895 1070 937 madidas
1104 909 1274 950 semper
1306 896 1466 937 habere
1499 909 1646 949 genas.

412 980 428 1009 Γ
483 969 534 1009 Et
568 981 729 1009 vacuas
764 980 890 1008 aures
924 967 1208 1020 lachrymosis
1240 967 1418 1008 vocibus
1451 967 1641 1021 implent.

541 1039 704 1092 iugiter
736 1038 974 1079 horrendus
1010 1038 1145 1091 surgit
1178 1038 1233 1079 ad
1267 1045 1384 1079 astra
1418 1039 1586 1079 clamor.

482 1111 664 1162 Nonque
698 1116 842 1151 tacent
875 1109 1001 1150 mesti
1034 1110 1233 1163 lugubria
1267 1109 1409 1151 dicere
1446 1109 1591 1157 verba,

543 1182 608 1222 Ex
642 1194 724 1234 quo
756 1181 840 1222 illis
875 1181 1040 1233 queruli
1074 1194 1205 1222 causa
1240 1181 1398 1222 doloris
1432 1181 1568 1222 adest.

483 1253 578 1294 Non
614 1259 761 1306 pastor
793 1252 985 1305 pecudes
1020 1252 1150 1293 audet
1183 1265 1267 1293 non
1301 1265 1482 1305 pascere
1514 1264 1682 1306 porcos,

544 1324 744 1365 Rusticus
779 1330 821 1364 et
854 1337 948 1364 raro
982 1337 1155 1365 vomere
1188 1337 1355 1378 pauper
1385 1330 1490 1365 arat.

484 1396 671 1449 Carpere
706 1408 789 1436 non
823 1395 986 1436 fructus
1020 1395 1164 1446 audet,
1198 1408 1278 1436 nec
1311 1395 1460 1436 tollere
1494 1408 1659 1436 messes

543 1467 760 1513 Foemina,
795 1480 875 1507 nec
909 1479 1038 1508 curva
1070 1467 1231 1520 pabula
1263 1466 1375 1507 falce
1409 1467 1539 1508 metit.

485 1538 658 1580 Semina
692 1538 900 1580 sollicitus
934 1538 1036 1579 culti
1068 1551 1152 1579 non
1186 1538 1353 1579 villicus
1389 1538 1512 1589 horti,

542 1610 632 1651 Nec
666 1610 786 1663 virgo
820 1616 986 1661 tenues,
1021 1610 1110 1650 lilia
1142 1609 1332 1663 pulchra,
1367 1622 1502 1650 rosas.

364 1693 376 1708 <
416 1693 431 1702 ⁷
486 1682 712 1735 Agricolae
746 1688 935 1734 segetes,
972 1688 1199 1734 surgentes
1232 1681 1388 1722 vinitor
1419 1694 1539 1729 uvas„

365 1694 385 1725 Γν

390 1693 409 1726 *1

414 1703 433 1724 ἰ)

366 2050 435 2083 280

369 2760 438 2794 290

545 1752 683 1802 Quum
717 1753 888 1807 patulos
922 1765 1096 1806 campos
1130 1752 1272 1793 nullus
1305 1751 1423 1793 adire
1457 1758 1609 1806 potest.

486 1824 746 1866 Praesertim
779 1824 923 1865 miseri
956 1830 1193 1864 memorant
1227 1823 1323 1864 dum
1360 1823 1515 1864 damna
1548 1823 1688 1865 coloni

546 1896 766 1937 Hactenus
800 1902 845 1937 ut
878 1909 1049 1950 semper
1081 1908 1239 1936 census
1272 1895 1413 1936 inanis
1447 1901 1550 1936 erat.

485 1967 614 2008 Nulla
646 1973 789 2021 potest
821 1966 969 2020 pavidi
1003 1966 1130 2008 scribi
1163 1979 1363 2007 mensura
1396 1966 1572 2016 timoris,

546 2039 696 2079 Nullus
730 2038 928 2080 tristitiae
962 2051 1042 2079 nec
1075 2038 1227 2079 modus
1261 2045 1388 2091 atque
1423 2038 1532 2078 mali.

487 2110 675 2159 Quilibet
705 2116 770 2151 est-
796 2110 943 2158 tristis,
977 2109 1174 2163 pavidus,
1208 2109 1517 2162 lachrymosus‚
1552 2121 1736 2158 amarus,

545 2182 598 2222 Et.
630 2181 782 2222 mulier
813 2194 994 2234 magnas
1027 2180 1199 2222 fletibus
1233 2181 1351 2221 auxit
1384 2192 1533 2232 aquas.

488 2252 654 2306 Syrmia
686 2252 918 2307 praecipue
952 2258 1071 2292 tanto
1106 2258 1303 2305 correpta
1335 2250 1507 2303 flagello

545 2324 684 2365 Mesta
717 2324 861 2377 gemit,
896 2323 1020 2364 bellis
1055 2322 1281 2363 debilitata
1313 2322 1429 2363 feris.

490 2395 771 2448 Conqueritur
802 2394 935 2435 tristis
969 2400 1112 2434 vestro
1146 2393 1394 2434 madefacta
1427 2406 1588 2439 cruore,

547 2465 858 2518 Amissasque¹
894 2465 962 2506 die
997 2464 1188 2517 quolibet
1221 2465 1339 2517 angit
1372 2477 1488 2518 opes.

486 2537 595 2578 Nam
629 2537 779 2578 domus
803 2537 1041 2578 exhaustae
1067 2535 1248 2590 populis,
1284 2535 1522 2589 opibusque
1557 2534 1748 2588 paternis

546 2608 636 2649 Illic
668 2608 753 2648 iam
787 2614 934 2648 contra
967 2607 1118 2659 iusque
1152 2604 1383 2660 piumque2
1415 2612 1599 2647 manent.

490 2679 700 2733 Surripuit
733 2678 942 2731 siquidem
975 2684 1139 2731 partem
1173 2677 1402 2731 populator
1434 2689 1588 2717 avarus

547 2750 679 2797 Illius,
715 2756 756 2791 et
788 2756 952 2803 partem
988 2748 1266 2802 depopulavit
1299 2761 1446 2789 ovans.

491 2902 499 2921 ¹
532 2901 808 2945 Ammissasque
836 2902 879 2935 A.
924 2902 936 2919 ²
963 2901 1136 2945 piumque
1164 2901 1206 2934 A.
