1955 3278
75 540 142 574 735

76 1245 142 1279 745

76 1606 144 1642 750

77 1962 143 1996 755

77 2318 144 2353 760

79 2673 145 2707 765

194 247 433 288 Exercente
466 259 575 289 novo
609 253 841 288 nascentur
874 248 1044 300 singula
1079 248 1168 289 sole

255 317 440 368 Semina,
474 331 554 359 nec
587 317 720 359 sterili
751 317 910 370 frigore
944 324 1047 359 nata
1081 318 1249 360 cadent.

192 388 405 442 Frugibus
438 389 574 429 omnis
607 402 724 442 ager,
758 388 930 429 tumidis
964 389 1109 430 vineta
1141 390 1323 430 racemis

252 459 512 511 Lascivient⁷
546 459 688 501 vernis
720 472 884 513 pascua
916 465 1042 512 prata
1074 460 1197 511 rosis,

194 529 347 571 Omnia
378 530 606 572 florescent
639 536 785 584 optato
819 536 1011 584 tempore
1047 543 1226 584 semper.

252 600 344 642 Nec
376 601 538 642 Boreas
571 601 698 642 flores
731 600 899 642 turbine
933 601 1144 655 corripiet.

192 672 352 713 Aeolus
385 672 566 713 obscuro
599 678 752 713 ventos
786 685 884 712 nam
919 672 1093 713 claudet
1125 673 1166 712 in
1201 679 1336 722 antro,

253 742 317 783 Ne
351 743 576 784 excuciant
607 742 752 784 flabris
786 743 979 796 germina
1012 743 1173 785 blanda
1208 745 1308 785 suis.

193 813 367 866 Frigida
400 813 696 867 squamigeros
730 813 968 868 producent
1000 813 1175 855 flumina
1207 816 1365 869 pisces⁷

253 884 306 924 Et
337 885 465 925 tellus
499 891 675 925 cunctas
709 884 943 926 fertilitatis
978 899 1097 940 opes.

192 956 287 997 Non
322 956 399 997 erit
432 956 608 997 ulterius
641 956 900 1010 plebemque
936 956 1078 998 dicare
1112 970 1353 1009 necessum,

252 1027 386 1069 Dives
420 1027 531 1068 enim
565 1027 713 1081 spoliis
749 1027 927 1080 quilibet
960 1040 1059 1068 esse
1092 1033 1248 1081 potest.

194 1097 382 1148 Quilibet
414 1112 467 1139 ex
498 1098 615 1139 lucro
650 1098 806 1152 poterit
839 1098 1089 1152 praedaque
1123 1104 1299 1152 recepta

253 1170 467 1223 Perpetuo
500 1183 659 1222 magna
692 1169 996 1211 commoditate
1029 1169 1122 1211 frui.

194 1240 454 1282 Gaudebunt
486 1253 688 1294 proceres
723 1241 913 1281 contenti
945 1254 1121 1282 munere
1155 1240 1289 1294 pacis,

251 1311 452 1353 Rusticus
485 1317 527 1352 et
560 1311 702 1353 stabili
735 1311 839 1354 sede
873 1312 1043 1364 quietus
1076 1311 1167 1363 0111,

193 1383 300 1425 Nam
334 1396 502 1424 mavors
537 1383 668 1424 tristis
702 1383 843 1437 posita
875 1383 1049 1424 feritate
1083 1382 1256 1434 tacebit,

253 1454 318 1496 De
351 1454 514 1507 reliquo
547 1454 717 1495 Bifrons
750 1454 869 1495 finiet
902 1468 1021 1495 arma
1054 1454 1173 1495 deus.

194 1526 394 1580 Deponet
427 1527 624 1580 clypeum
656 1525 778 1567 miles
812 1526 1068 1578 galeamque
1103 1538 1338 1566 coruscam.

255 1596 562 1650 Ornabuntque
597 1610 718 1638 suum
751 1596 903 1638 florida
936 1603 1052 1638 serta
1086 1603 1227 1650 caput.

192 1668 344 1710 Nullus
377 1663 565 1709 turbabit
597 1680 798 1721 proceres
830 1668 1056 1720 nullusque
1091 1668 1279 1719 colonos,

253 1739 452 1781 Cessabit
484 1745 644 1780 mestus
679 1739 889 1792 stringere
924 1738 1053 1780 corda
1086 1751 1230 1793 pavor.

194 1809 383 1860 Quilibet
416 1823 546 1852 ausus
580 1811 659 1851 erit
693 1824 844 1864 campo
878 1810 1087 1851 recubare
1121 1809 1299 1864 patenti,

251 1881 405 1922 Ebrius
440 1888 481 1922 et
514 1881 655 1922 medio
689 1894 850 1935 ponere
884 1882 1078 1923 membra
1109 1881 1213 1922 foro.

193 1952 390 1994 Fundere
425 1952 487 1994 sic
519 1953 657 2005 quivis
691 1953 830 1994 laetos
864 1952 919 1994 ad
954 1952 1112 2006 sydera
1144 1958 1295 1993 cantus

252 2024 448 2066 Foelices
482 2024 611 2065 etiam
645 2024 894 2066 continuare
929 2024 1034 2065 dies.

193 2095 345 2137 Nullus
378 2095 456 2136 erit
489 2100 680 2149 questus,
714 2109 795 2137 nec
827 2096 1034 2149 plangent
1068 2095 1226 2136 damna
1258 2095 1410 2145 coloni,

255 2166 348 2208 Nec
380 2167 526 2208 laedet
557 2173 728 2209 nostros
761 2166 909 2208 tabida
941 2166 1077 2220 pestis
1112 2179 1249 2220 agros.

194 2238 387 2292 Amplius
421 2238 508 2279 ulla
539 2239 684 2292 gravis
716 2238 820 2279 fient
852 2243 1130 2279 monumenta
1163 2237 1320 2279 doloris

254 2308 443 2358 Quilibet
474 2315 541 2350 ast
573 2310 730 2364 poterit
761 2308 920 2363 gaudia
952 2308 1114 2349 blanda
1147 2308 1280 2361 sequi.

196 2379 355 2422 Omnes
388 2380 557 2422 divitias
590 2387 792 2434 poterunt
825 2380 1043 2421 cumulare
1077 2379 1287 2433 superbas

252 2451 345 2493 Nec
377 2451 537 2493 minuet
568 2451 737 2506 pondus
770 2451 883 2492 iusta
916 2456 1090 2491 moneta
1122 2463 1254 2491 suum.

194 2521 289 2564 Non
321 2535 482 2564 vacuus
515 2536 685 2577 semper
717 2523 850 2576 nigris
884 2521 1111 2563 obducitur
1143 2534 1217 2561 aer

252 2592 447 2634 Nubibus
479 2593 691 2635 interdum
723 2593 882 2634 lumine
917 2598 1072 2646 sponte
1110 2591 1250 2633 micat.

196 2663 338 2717 Saepe
370 2664 495 2705 malis
528 2663 698 2705 fortuna
731 2664 863 2715 favet,
898 2662 976 2704 sed
1008 2662 1199 2716 praemia
1232 2661 1404 2703 tandem

254 2734 557 2788 Unusquisque
590 2734 714 2786 feret,
747 2734 923 2788 respicit
956 2747 1079 2775 omne
1114 2733 1234 2775 deus.

198 2804 315 2847 Sicut
348 2812 470 2846 erant
503 2806 601 2847 olim
634 2805 760 2847 modo
794 2806 855 2847 sic
889 2810 987 2846 sunt
1020 2817 1176 2858 aspera
1207 2804 1334 2846 bella.

196 2876 316 2917 Tunc
349 2876 477 2917 etiam
510 2885 554 2917 ut
587 2876 801 2929 quondam
834 2882 1029 2929 tempora
1060 2875 1181 2929 pacis
1214 2881 1347 2916 0111111,

1489 103 1561 137 269
