1955 3278
1497 133 1564 165 197

85 275 337 317 societatem
389 276 594 327 hortatur,
649 281 931 327 senatumque
984 275 1023 316 ei
1055 274 1280 329 pollicetur
1330 275 1365 316 si
1409 275 1568 318 bellum

84 345 292 387 adversus
326 347 614 388 Mahumetum
638 345 858 399 suscipiat,
891 358 943 386 ac
964 346 1271 399 rempublicam
1294 346 1569 389 christianam

84 422 266 468 tueatur,
285 422 388 469 quot
410 417 532 458 annis
556 416 775 470 octoginta
794 429 1009 456 nummum
1034 429 1257 457 aureorum
1280 417 1395 458 milia
1425 419 1568 459 exolu-

83 493 234 529 turum.
269 488 402 528 Multa
433 487 607 529 tandem
630 487 822 529 oratione
845 493 1100 540 consumpta
1129 488 1343 529 concessit
1366 489 1569 531 Matthias

82 557 125 598 in
157 558 396 611 legatorum
430 559 700 600 sententiam.
749 559 796 599 In
828 557 942 599 hunc
974 557 1143 599 moduni
1177 558 1288 600 inter
1331 559 1493 613 Regem
1527 566 1570 602 et

83 634 261 671 venetos
315 630 553 683 composita
606 635 671 670 est
725 629 923 671 societas.
983 629 1160 681 Nequeo
1211 630 1570 682 praestantissimi

84 699 305 754 Principes
338 700 480 742 verbis
513 700 719 753 consequi
753 705 936 752 quantas
982 699 1129 741 clades
1163 700 1323 741 turchis
1356 701 1567 743 intulerit:

85 777 186 823 quot
217 770 506 812 fertilissimos
538 771 703 812 illorum
735 784 863 823 agros
886 770 1129 824 diripuerit:
1167 777 1268 823 quot
1290 772 1461 824 tuguria
1482 773 1571 826 igni

84 841 394 895 absumpserit:
431 848 531 894 quot
564 841 724 896 oppida
754 841 946 882 funditus
981 842 1192 883 everterit.
1234 841 1268 883 O
1302 844 1569 896 praeclarum

82 925 228 966 regem
253 926 423 967 semper
443 913 616 963 litteris3
650 912 850 954 laudibus
875 913 1241 966 monumentisque
1267 913 1567 956 decorandum.

83 983 130 1024 In
163 984 286 1037 plura
316 983 610 1037 magnitudine
644 984 825 1025 nominis
857 984 917 1025 tui
939 984 1104 1035 fecisti;
1140 984 1253 1037 quod
1275 984 1402 1025 armis
1424 985 1569 1027 facere

83 1055 173 1096 Rex
193 1055 301 1095 alius
319 1055 540 1109 potuisset.
561 1054 772 1109 Oppidum
791 1061 900 1096 erat:
920 1068 1045 1107 quem
1062 1053 1104 1108 (Ι)
1123 1055 1380 1109 Belgradum
1400 1054 1569 1098 incolae

83 1126 321 1167 vocabant:
355 1132 507 1167 natura
540 1126 649 1167 adeo
683 1126 913 1167 munitum:
948 1132 993 1166 ut
1022 1140 1106 1167 non
1140 1126 1222 1167 nisi
1249 1127 1471 1168 obsidione
1500 1140 1569 1167 ex-

83 1197 266 1250 pugnari
298 1210 427 1251 posse
460 1197 689 1239 videretur.
738 1197 882 1251 Ipsum
915 1204 960 1238 ut
1005 1197 1118 1238 omni
1151 1204 1194 1239 et
1226 1205 1489 1239 commeatus
1529 1204 1570 1239 et

83 1269 262 1309 telorum
295 1281 455 1322 genere
484 1268 754 1310 Mahumetus
796 1268 974 1309 munivit
1008 1268 1250 1321 quindecim
1275 1268 1568 1322 expeditorum

84 1339 258 1380 militum
293 1340 409 1380 milia
440 1339 652 1394 imposuit.
697 1340 896 1381 Dixisses
934 1339 977 1380 id
1010 1339 1181 1393 penitus
1219 1339 1568 1393 inexpugnabile.

85 1410 209 1460 Quod
241 1417 286 1451 ut
319 1411 521 1452 Matthias
555 1424 607 1452 ex
640 1411 982 1465 exploratoribus
1017 1416 1277 1465 compertum
1301 1411 1450 1452 habuit
1471 1424 1568 1452 con-

83 1481 224 1522 festim
259 1482 314 1523 ad
346 1482 548 1536 oppidum
584 1490 726 1524 castra
758 1483 914 1524 mouit:
949 1496 1029 1524 nec
1057 1482 1185 1535 longe
1209 1483 1263 1523 ab
1286 1496 1336 1523 eo
1361 1482 1569 1523 stationes

84 1554 239 1607 posuit.
275 1554 331 1595 Ut
354 1553 446 1595 dies
470 1554 630 1607 aliquot
663 1554 756 1595 ocio
791 1554 880 1595 dati
914 1560 1011 1594 sunt
1043 1554 1200 1594 milites
1224 1553 1279 1595 ad
1302 1567 1348 1595 se
1370 1553 1571 1595 accersiri

83 1625 218 1666 iubet:
244 1631 371 1678 atque
390 1632 435 1666 ut
453 1638 570 1666 arma
589 1625 833 1679 expediant,
856 1625 1027 1678 quando
1046 1625 1249 1679 oppidum
1273 1625 1327 1666 sit
1349 1638 1570 1679 oppugna-

84 1702 202 1736 turus
247 1696 461 1738 admonet.
511 1696 559 1737 In
592 1696 789 1749 sequenti
835 1696 902 1737 die
944 1696 1110 1749 equites
1142 1696 1185 1736 in
1221 1696 1357 1737 aciem
1400 1695 1569 1737 eduxit:

84 1766 273 1820 peditum
306 1767 439 1808 alios:
475 1767 545 1820 qui
577 1767 743 1808 hostem
777 1767 1012 1819 tormentis,
1047 1767 1240 1820 tragulis,
1274 1766 1570 1820 scorpionibus

85 1844 304 1879 arcerent:
337 1837 503 1879 idoneis
525 1839 631 1880 locis
655 1838 878 1892 disposuit.
914 1838 998 1891 Alij
1025 1838 1190 1879 scalas:
1226 1838 1379 1890 quibus
1410 1851 1571 1878 murum

84 1909 451 1951 conscenderent:
505 1909 596 1950 eius
643 1909 762 1950 iussu
811 1915 1143 1963 comportarunt.
1197 1909 1280 1963 Alij
1330 1909 1385 1950 ad
1430 1908 1569 1963 ipsum

85 1979 336 2021 diruendum
368 1981 630 2033 gerebantur
662 1980 908 2034 praefectus
942 1980 1087 2034 oppidi
1125 1981 1280 2022 milites
1315 1980 1369 2021 ad
1403 1980 1570 2021 concio-

85 2064 180 2092 nem
225 2051 434 2093 advocat:
481 2065 527 2092 se
566 2051 608 2092 in
642 2052 826 2092 hostium
874 2058 1016 2093 castra
1061 2052 1357 2105 speculatores
1402 2051 1569 2092 misisse

86 2123 377 2176 speculatum:
424 2123 494 2175 qui
527 2136 601 2164 eos
634 2123 931 2164 nunciaverint
962 2123 1081 2164 brevi
1114 2123 1317 2177 oppidum
1350 2136 1571 2177 oppugna-

85 2201 215 2234 turos.
265 2193 406 2243 Quare
450 2194 579 2235 rebus
626 2194 714 2235 suis
760 2195 996 2235 consulant.
1049 2194 1239 2247 Quisque
1273 2194 1374 2247 quid
1419 2194 1483 2235 sui
1518 2193 1571 2234 sit

86 2264 251 2318 consilij
287 2265 501 2318 explicet:
548 2279 593 2306 se
628 2265 799 2307 maioris
834 2266 967 2319 partis
1001 2266 1241 2306 sententiae
1282 2278 1569 2306 accessurum.

88 2335 191 2376 Cum
235 2336 364 2389 igitur
412 2337 484 2390 alij
535 2337 736 2391 oppidum
790 2337 996 2377 Matthiae
1043 2337 1220 2390 imperio
1269 2350 1320 2378 ac
1366 2337 1571 2390 potestati

87 2406 353 2447 dedendum:
389 2407 489 2459 quin
514 2421 614 2449 eos:
649 2408 717 2460 qui
752 2409 912 2449 nullam
936 2408 1134 2462 promissi
1155 2407 1283 2449 fidem
1316 2405 1570 2460 (servarent)

86 2483 384 2530 praestarent:
429 2492 505 2531 pro
538 2479 838 2533 proditoribus
883 2479 1132 2520 habendos:
1179 2492 1274 2519 cum
1318 2478 1570 2532 praesertim

87 2548 199 2589 omni
231 2555 492 2591 commeatus
522 2563 680 2603 genere
715 2550 985 2592 abundarent
1015 2556 1056 2590 et
1086 2549 1287 2602 quicquid
1314 2550 1357 2590 in
1381 2549 1570 2590 exercitu

86 2619 319 2661 Mahumeti
357 2620 512 2662 fuisset
555 2622 721 2663 roboris
755 2628 796 2663 et
829 2621 944 2663 floris
978 2620 1133 2662 adesse
1168 2627 1407 2662 conserent.
1452 2620 1571 2661 Haec

87 2690 235 2731 maiori
267 2691 378 2744 parti
423 2692 638 2733 sententia
671 2693 885 2734 tutissima
917 2692 1011 2733 uisa
1045 2698 1124 2743 est,
1170 2698 1214 2732 ut
1246 2692 1411 2745 patenti
1450 2698 1571 2745 porta

86 2761 128 2801 in
161 2761 309 2803 hostes
341 2762 526 2816 impetus
556 2762 690 2814 fieret,
725 2764 895 2816 quando
918 2777 1013 2804 eum
1037 2763 1248 2804 sustinere
1272 2775 1356 2803 non
1379 2768 1570 2816 possent.

87 2832 134 2872 In
167 2832 280 2874 hunc
325 2833 495 2874 modum
539 2834 747 2875 maximas
792 2834 939 2888 copias
971 2847 1106 2888 parva
1138 2847 1266 2874 manu
1303 2833 1423 2874 fusas
1458 2846 1569 2874 esse.

87 2901 165 2943 Vix
209 2903 340 2945 horae
386 2904 496 2945 duae
537 2905 819 2947 circumactae
854 2912 951 2946 sunt
996 2907 1110 2958 (nam
1145 2917 1242 2945 sese
1282 2904 1571 2945 instruxerant
