1919 3273
1539 110 1609 142 445

131 308 390 355 Stephanus
423 307 651 344 Taurinus
680 307 937 343 Olomuoen.
974 308 1291 344 Illustrissimo
1324 308 1526 355 Principi
1566 310 1613 345 et

129 373 239 409 Dno.
279 374 329 409 D.
370 373 566 420 Georgio
606 372 911 408 Marchioni
950 373 1352 419 Brandenburgen.
1394 373 1612 409 Sereniss.

129 437 336 484 Pincipis
368 437 590 473 Ludovioi
627 437 864 483 Ungariae
899 439 945 474 et
978 438 1197 474 Boemiae
1233 440 1316 474 etc.
1355 438 1499 484 Regis
1533 449 1611 484 po-

129 501 306 538 tentiss.
346 501 490 537 tutori
523 501 708 548 digniss.
742 505 824 538 010.
864 502 962 537 Dno
995 513 1075 538 suo
1110 503 1309 550 gratioso
1343 514 1446 539 sese
1473 503 1614 539 humi-

122 571 125 573 ’
663 567 769 602 liter
795 567 1073 603 comendat.1

249 675 352 717 Cum
399 676 688 729 superioribus
733 677 870 727 annis,
916 678 1121 731 Princeps
1154 678 1457 729 Illustrissime,
1499 678 1613 732 apud

130 747 549 789 Reverendissimuln
582 747 1090 801 lndulgentissimumque
1125 749 1353 789 Dominum
1387 762 1526 789 meum
1558 749 1612 789 D.

129 819 188 860 Io.
223 818 391 859 Thurzo
423 818 674 877 Praesulem
706 818 1084 860 Vratislaviensem
1118 833 1212 860 meo
1246 833 1339 860 cum
1373 820 1615 861 Venceslao

131 889 183 930 de
216 889 489 942 Wylhartycz
522 889 676 929 Iurium
710 889 906 943 professo
932 891 1033 935 viro,
1057 904 1141 931 non
1164 890 1301 931 minus
1322 890 1465 943 lepido
1489 904 1613 943 quam

129 960 299 1011 festivo,
338 960 493 1001 Nissae
529 960 793 1001 Socraticum
827 961 882 1001 ad
916 960 1172 1015 Symposion
1207 962 1324 1002 scitis
1352 962 1613 1014 'quibusdam

131 1031 444 1072 convictoribus
490 1031 578 1071 suis
610 1037 802 1080 vocatus,
848 1032 1009 1085 pariter
1042 1032 1318 1081 assedissem,
1364 1040 1450 1072 tum
1486 1032 1538 1073 de
1572 1041 1615 1074 te

129 1101 346 1142 Illustriss.
379 1101 592 1155 Principe,
632 1108 720 1142 tum
754 1101 806 1143 de
840 1103 953 1143 110110
989 1102 1050 1149 (111
1082 1101 1255 1154 vocant)
1303 1102 1614 1144 Cruciferorum

131 1186 269 1214 sermo
293 1172 464 1213 habitus
489 1179 567 1223 est,
601 1173 673 1214 ubi
695 1173 881 1213 animum
915 1173 1005 1214 eius
1039 1174 1121 1214 hoc
1154 1187 1237 1214 11110
1262 1174 1461 1227 scrupulo
1484 1174 1610 1215 vehe-

132 1249 295 1285 menter
327 1243 429 1296 angi
460 1244 616 1285 aiebat.
651 1244 817 1285 Avebat
851 1245 959 1285 enim
994 1244 1102 1285 scire
1137 1245 1392 1296 quibusnam
1414 1244 1616 1298 impulso-

130 1315 260 1366 ribus,
285 1328 367 1368 quo
389 1315 492 1365 fato,
518 1329 602 1368 qua
625 1315 809 1367 denique
832 1316 995 1356 ratione
1019 1315 1198 1368 permoti
1221 1315 1377 1355 fuerint
1405 1314 1616 1356 Pannonii

131 1387 359 1440 agricolae,
405 1393 449 1427 ut
483 1393 629 1427 contra
662 1387 783 1440 regni
814 1387 926 1427 1111113
971 1387 1238 1427 nobilitatem
1273 1392 1357 1426 tam
1391 1386 1614 1439 propalam

133 1471 250 1498 arma
273 1457 530 1511 sumpserint
562 1458 790 1499 Mavorcia.
824 1458 933 1498 Nam
957 1470 1008 1497 ea
1028 1463 1285 1510 tempestate
1318 1457 1536 1497 Illustriss.
1560 1456 1614 1497 D.

133 1536 249 1569 tuam
271 1528 464 1569 nonnihil
487 1528 630 1569 damni
653 1529 706 1570 ab
727 1528 878 1569 iisdem
899 1541 1150 1582 perpessam
1169 1527 1303 1568 fuisse
1326 1527 1617 1577 inaudiverat;

134 1612 214 1652 ego
237 1613 338 1641 vero
360 1605 462 1641 111110
493 1600 622 1641 variis
654 1606 871 1653 permotus
893 1599 1128 1640 rationibus
1151 1605 1294 1639 tacere
1317 1598 1466 1651 pocius
1490 1610 1615 1650 quam

133 1671 264 1712 multa
295 1671 536 1712 inconsulto
571 1671 736 1712 effutire
769 1670 909 1711 malui.
954 1669 1236 1711 Nihilominus
1276 1669 1327 1709 D.
1364 1681 1442 1709 sua
1480 1668 1618 1709 Reve-

132 1741 389 1783 rendissima
420 1739 548 1796 (quae
582 1756 660 1782 sua
693 1748 757 1782 est
791 1748 832 1782 et
865 1741 1107 1782 humanitas
1141 1746 1183 1780 et
1214 1739 1459 1792 benignitas
1480 1752 1616 1792 prope

135 1811 379 1867 singularis)
397 1826 478 1864 me,
504 1813 571 1854 cui
590 1813 738 1854 merito
757 1812 1007 1866 praecipere
1025 1817 1206 1866 poterat,
1227 1810 1353 1852 valde
1376 1810 1621 1863 benigniter

135 1884 395 1936 stimulabat,
429 1890 474 1924 ut
506 1884 640 1925 Marte
674 1897 768 1924 meo
801 1890 887 1923 tam
920 1883 1082 1923 initium
1117 1896 1240 1935 quam
1267 1882 1425 1922 exitum
1447 1880 1620 1935 plebaei

133 1954 288 1996 furoris
311 1955 566 2005 huiusmodi,
601 1962 829 2007 ceteraque
853 1954 896 1995 id
916 1967 1052 2007 genus
1076 1953 1217 1994 omnia
1246 1965 1328 2004 quo
1351 1951 1443 1992 fieri
1465 1957 1616 2005 posset

137 2026 481 2080 compendiosius
528 2026 855 2073 conscriberem,
902 2025 1146 2077 conscripta
1191 2022 1444 2075 quantocius
1483 2021 1617 2075 publi-

136 2110 288 2138 carem.
338 2096 478 2146 Quare
525 2111 619 2151 ego,
666 2097 736 2149 qui
783 2096 922 2136 multis
968 2095 1021 2136 de
1068 2094 1209 2135 causis
1254 2093 1459 2146 imprimis
1499 2093 1620 2133 Tuae

134 2167 289 2209 Illustr.
323 2168 388 2218 D.,
420 2168 576 2209 deinde
609 2168 685 2209 toti
717 2168 984 2220 Turzigenae
1019 2165 1161 2206 domui
1200 2164 1340 2205 omnia
1372 2163 1525 2215 debeo,
1558 2163 1619 2203 in-

136 2237 321 2279 iunctam
356 2239 458 2279 mihi
490 2239 749 2293 provintiam
778 2238 914 2279 obviis
948 2237 1058 2278 ulnis
1093 2243 1134 2277 et
1157 2234 1371 2287 assumpsi
1399 2240 1441 2274 et
1463 2233 1619 2274 nedum

117 2322 193 2355 nea
212 2322 321 2362 quae
346 2309 624 2351 desiderabat
646 2344 652 2351 .
674 2344 681 2351 .
706 2344 712 2350 .
735 2309 811 2350 sed
836 2309 961 2349 etiam
981 2308 1109 2347 multo
1132 2307 1254 2360 plura
1277 2305 1618 2359 perscripsimus.

139 2379 335 2433 Quinque
357 2381 469 2422 enim
490 2381 620 2421 libros
643 2380 828 2421 carmine
850 2379 1097 2419 hexametro
1121 2391 1146 2417 a
1168 2377 1291 2418 nobis
1315 2376 1413 2416 olim
1438 2375 1621 2428 scriptos

139 2464 260 2492 sacro
293 2451 452 2492 nomini
474 2458 545 2491 tuo
570 2451 771 2491 dedicare
791 2449 1061 2490 instituimus.
1099 2448 1268 2489 Utinam
1292 2445 1500 2487 eiusmodi
1522 2446 1619 2493 sint,

140 2534 249 2574 quae
281 2522 350 2563 vel
381 2522 463 2563 tuis
496 2522 540 2562 in
573 2535 639 2562 me
671 2521 843 2572 meritis,
878 2520 945 2560 vel
978 2532 1100 2560 meae
1125 2531 1228 2570 erga
1253 2525 1295 2558 te
1317 2517 1615 2559 observantiae

258 2647 268 2667 ¹
300 2648 499 2692 „Stephani
528 2648 683 2682 Taurini
712 2647 913 2682 Olonmcen.
942 2646 1225 2686 Stauromachffl,
1245 2645 1281 2679 id
1300 2648 1356 2679 031
1374 2643 1621 2678 Cruciatorum

141 2706 277 2742 Ser-vile
303 2707 453 2742 Bellum.
482 2707 585 2748 Quod
604 2718 698 2741 anno
720 2708 763 2741 ab
784 2707 869 2740 orbe
889 2707 1076 2749 redempto
1098 2704 1455 2748 sesquimillesimum
1476 2705 1620 2746 quarto-

140 2767 281 2802 decimo
308 2770 343 2801 et
368 2767 592 2801 Pannoniam
619 2770 655 2800 01
682 2765 952 2800 Collimitaneas
991 2765 1195 2808 provincias
1234 2763 1340 2797 valde
1367 2761 1621 2796 miserabiliter

140 2827 436 2871 depopulaverat.
477 2826 517 2859 In
543 2825 701 2869 quinque
728 2825 840 2859 libros
867 2825 1071 2858 summatim
1097 2823 1312 2867 digestum.“
1354 2820 1503 2865 Vegen:
1535 2820 1620 2861 „Im-

139 2897 306 2931 pressum
332 2886 493 2921 Viennae
519 2882 733 2918 Pannoniae
759 2894 824 2927 per
848 2884 1019 2918 Ioannem
1050 2882 1309 2927 Singre11ium.“
