1955 3278
1506 132 1570 165 181

85 282 129 318 et
162 275 511 330 pertinentiarum
545 275 736 316 eiusdem
781 275 931 316 vicinis
965 281 1005 315 et
1039 275 1344 316 commetaneis
1378 274 1570 316 eiusdem

88 353 130 388 et
163 346 394 388 earundem
426 345 530 386 inibi
562 346 768 399 legittime
803 346 1049 386 convocatis
1083 352 1125 386 et
1153 346 1374 399 signanter
1406 346 1571 387 nobilli-

87 417 166 458 bus
198 417 340 458 Marco
387 417 623 458 castellano
657 416 786 458 castri
832 415 1021 457 Grobnik
1057 422 1098 457 et
1130 416 1334 457 Martinez
1382 417 1574 458 similiter

85 488 323 529 castellano
358 487 487 528 castri
519 487 667 528 Hrelin
700 486 923 527 familiaris
944 486 1143 527 videlicet
1166 487 1382 540 magnifici
1406 488 1570 529 comitis

85 558 338 600 Bernardini
360 557 413 599 de
436 558 794 611 Frangapanibus
817 558 859 597 in
882 570 1066 611 persone
1100 557 1207 611 (iqy)
1232 558 1423 599 eiusdem
1446 560 1572 600 comi-

85 630 139 671 tis
155 629 313 671 domini
326 630 528 683 ipsorum,
543 629 644 670 item
660 628 980 682 circumspectis
994 628 1186 670 Iohanne
1203 628 1380 682 Sepecz,
1398 629 1570 671 Urbano

86 701 296 754 Knczthy‚
330 700 501 741 Matheo
525 688 686 741 Vksich
711 705 753 741 et
773 713 937 753 supano
962 699 1125 741 civibus
1147 699 1200 740 de
1223 700 1455 741 Therzathi
1478 714 1572 754 pre-

87 772 279 813 sentibus
325 771 586 822 accedendo,
628 771 935 812 introduxisset
980 776 1237 811 memoratos
1280 770 1569 822 Francisch

85 842 367 892 Vincendum,
392 842 562 883 Petrum
584 842 888 895 Hieronymum
909 847 951 883 et
973 841 1261 882 Alexandrum
1279 842 1321 882 in
1341 842 1571 883 dominium

85 913 279 955 eiusdem
313 919 354 954 et
387 912 618 954 earundem
654 913 961 965 statuissetque
993 912 1107 953 idem
1131 920 1173 953 et
1196 912 1371 954 easdem
1405 913 1569 954 eisdem

85 985 293 1038 premisse
327 984 444 1037 regie
479 983 722 1025 donationis
761 984 881 1025 titulo
913 984 1020 1037 ipsis
1058 984 1330 1025 incumbente
1364 990 1572 1037 perpetuo

85 1055 386 1109 possidendas.
420 1055 530 1109 Ipsis
562 1056 708 1107 itaque
742 1055 861 1109 regio
895 1060 937 1096 et
960 1060 1105 1096 nostro
1128 1054 1371 1096 hominibus
1394 1055 1435 1095 in
1459 1055 1571 1096 facie

86 1126 266 1180 predicti
298 1126 427 1167 castri
459 1133 501 1167 et
524 1140 695 1167 suarum
728 1126 1076 1180 pertinentiarum
1108 1126 1439 1180 prescriptarum
1474 1139 1574 1168 con-

85 1198 202 1251 gruis
248 1204 289 1238 et
321 1197 543 1251 legittimis
589 1197 740 1239 diebus
773 1197 890 1238 iuxta
922 1198 1045 1251 regni
1089 1197 1440 1239 consvetudinem
1477 1211 1571 1251 per-

85 1268 357 1310 manentibus
379 1274 423 1309 et
444 1282 603 1309 moram
626 1268 898 1318 facientibus,
927 1269 1042 1309 nullo
1065 1269 1235 1322 penitus
1257 1269 1569 1310 contradictore

84 1345 335 1394 apparente.
369 1339 417 1380 In
439 1340 558 1381 cuius
590 1340 658 1383 rei
681 1340 927 1381 memoriam
960 1339 1285 1393 firmitatemque
1319 1346 1571 1394 perpetuam

84 1417 312 1465 presentes
333 1411 498 1452 litteras
516 1417 686 1452 nostras
710 1411 1001 1465 privilegiales
1019 1411 1225 1465 pendenti
1247 1409 1348 1464 (igy)
1368 1411 1573 1452 autentici

85 1481 215 1535 sigilli
232 1482 364 1523 nostri
388 1482 616 1523 munimine
635 1482 857 1523 roboratas
880 1481 1041 1523 eisdem
1065 1481 1261 1523 duximus
1285 1482 1571 1523 annuendum.

86 1553 242 1594 Datum
261 1553 476 1595 sedecimo
495 1553 563 1594 die
586 1553 671 1595 diei
690 1553 1015 1595 introductionis
1034 1559 1077 1594 et
1095 1553 1339 1594 statutionis
1356 1553 1571 1607 predicta-

84 1637 189 1674 rum,
231 1637 343 1665 anno
377 1624 536 1666 domini
570 1625 793 1665 millesimo
829 1624 1252 1678 quadringentesimo
1291 1630 1570 1677 octuagesmo

84 1695 266 1749 septimo
297 1694 665 1748 supranominato.
695 1719 747 1724 ——
768 1696 857 1737 Nos
887 1697 1032 1748 itaque
1063 1696 1294 1749 capitulum
1329 1695 1569 1749 Segniense

84 1766 376 1820 supradictum
408 1767 600 1821 prefatas
639 1767 804 1808 litteras
838 1767 1012 1821 capituli
1045 1767 1229 1808 ecclesie
1265 1767 1572 1820 Zagrabiensis

84 1837 311 1879 transcribi
353 1837 406 1879 de
439 1838 570 1879 verbo
604 1837 661 1879 ad
692 1837 869 1879 verbum
913 1838 1093 1879 fecimus
1139 1838 1289 1879 harum
1330 1844 1571 1879 nostrarum

84 1908 231 1961 vigore
264 1908 506 1949 testimonio
539 1909 774 1950 litterarum
807 1908 1022 1950 mediante
1051 1922 1158 1961 quas
1188 1923 1282 1951 cum
1305 1909 1572 1963 appensione

84 1979 217 2020 nostri
250 1979 476 2034 capitulari
509 1977 612 2033 (igy)
659 1980 787 2033 sigilli
823 1980 1027 2021 autentici
1066 1979 1263 2022 duximus
1310 1980 1570 2022 communiri.

84 2050 243 2091 Datum
288 2050 448 2104 Segnie
491 2051 535 2092 in
580 2052 765 2093 ecclesia
809 2058 955 2092 nostra
988 2051 1226 2092 cathedrali
1271 2052 1406 2093 Beate
1439 2051 1582 2094 Marie⁸

84 2121 260 2174 virginis
305 2121 373 2162 die
418 2122 626 2175 vigesimo
672 2135 784 2163 nono
828 2122 988 2164 mensis
1031 2122 1232 2173 octobris,
1278 2136 1390 2163 anno
1424 2122 1572 2164 salutis

84 2192 307 2234 millesimo
341 2193 770 2246 quattringentesimo
804 2194 1099 2247 nonagesimo.

202 2405 440 2461 (Eredetije
474 2409 638 2460 egertol
670 2410 826 2461 ragott‚
873 2409 989 2449 olasz
1018 2408 1184 2461 jellegi'i
1221 2408 1328 2449 sima
1360 2408 1568 2461 hartyan2

83 2475 216 2530 fiiggo'
240 2478 434 2531 pecsetje
457 2478 708 2531 levagatott.
744 2478 862 2521 OrSZ.
893 2479 1107 2529 Leveltar,
1140 2479 1209 2520 Dl.
1238 2477 1395 2522 33174.
1422 2478 1570 2530 szam.)
