1898 3278
1561 127 1582 159 ยน0

1586 128 1606 160 e:

119 350 209 385 tate
253 343 424 384 Marcos
476 342 715 393 aemuleris,
763 341 993 394 aequitatis
1032 354 1084 382 ac
1115 341 1302 382 iustitiae
1342 341 1502 383 candor
1532 344 1608 386 tibi

122 415 352 456 Traianum
386 413 587 463 associat,
622 426 703 465 quo
726 412 785 463 fit,
820 418 865 452 ut
888 413 1156 466 optimatium
1180 412 1317 465 quivis
1340 413 1605 455 invictissimi

118 485 249 538 Regis
280 483 488 525 Ludovici
520 489 561 524 te
596 483 721 529 colat,
762 482 975 533 observet,
1010 488 1052 523 et
1085 482 1167 524 hoc
1200 496 1285 524 non
1320 497 1372 524 ex
1408 484 1491 525 alio
1523 485 1606 525 nisi

117 569 260 596 amore
280 555 484 607 magistro
514 554 689 607 egregio
722 554 948 608 provenire
984 567 1060 607 pro
1095 560 1311 607 comperto
1345 554 1523 606 ducitur,
1548 555 1602 597 ad

114 633 156 666 te
189 625 320 667 veluti
353 631 536 666 statuam
567 624 668 666 Julii
701 624 966 678 confugiunt.
1000 623 1208 677 Longius,
1243 625 1603 667 observadissime

119 696 331 750 princeps,
379 709 444 737 me
479 709 599 737 meus
631 696 674 736 in
706 702 822 736 tuam
870 695 1201 736 munificentiam
1235 709 1353 736 amor
1392 695 1602 747 distrahit,

115 767 226 808 adeo
258 773 303 808 ut
347 772 533 814 metuam
579 767 708 808 etiam
740 780 853 807 nunc
888 766 1099 820 epistolae
1143 766 1313 807 modum
1347 767 1602 817 excessisse,

114 838 211 879 vela
243 837 462 889 contraho,
506 837 712 879 rudentes
746 838 1011 890 constringo,
1056 842 1156 878 tuae
1196 850 1261 878 me
1300 836 1602 878 munificentis-

115 909 247 949 simae
281 908 571 960 dominationi,
617 908 699 949 hoc
731 920 825 948 meo
861 908 1163 960 qualicumque
1198 907 1400 948 exercitio
1434 907 1600 958 dedice,

115 991 275 1032 proque
321 978 514 1020 dedititio
561 979 731 1020 servulo
777 992 999 1032 mancupo.
1051 978 1176 1028 Quod
1223 992 1315 1019 cum
1349 992 1425 1032 per
1463 979 1599 1020 ocium

113 1049 293 1100 licuerit,
326 1049 639 1102 benignissime
672 1049 893 1103 pellegito.
929 1050 1049 1091 Vale.

581 1214 895 1269 Aryumentum
928 1214 1130 1255 Fabulae.

237 1334 373 1376 Senes
405 1334 661 1375 Haliarchus
695 1341 735 1375 et
769 1333 1004 1376 Clearchus
1036 1340 1206 1388 gnatos,
1239 1335 1480 1389 Apollidem
1514 1334 1598 1376 Ha-

114 1405 274 1446 liarcus
307 1404 404 1446 dum
439 1418 620 1459 peregre
653 1404 934 1459 proficiscitur
968 1406 1125 1448 servuli
1146 1406 1322 1456 incuria,
1357 1405 1600 1459 Quinquen-

114 1489 212 1517 nem
243 1476 442 1518 Ethicum
479 1477 726 1528 Clearchus,
761 1476 859 1517 dum
893 1490 1017 1518 sacra
1048 1476 1142 1517 litat
1174 1477 1361 1530 Apollini
1389 1477 1599 1527 amittunt,

114 1548 223 1589 forte
270 1549 403 1589 maior
448 1556 552 1589 natu
599 1548 835 1602 Apollides,
877 1548 1164 1589 manumissus
1212 1547 1327 1589 hunc
1365 1548 1542 1589 alterum
1576 1561 1601 1588 a

115 1619 298 1671 quodam
323 1620 423 1660 emit
447 1619 604 1671 Siculo,
637 1631 798 1673 proque
823 1632 947 1660 seruo
971 1619 1112 1669 utitur,
1145 1632 1250 1671 quos
1274 1619 1423 1660 ambos
1448 1618 1598 1671 Senes,

114 1689 307 1741 iuvenes,
328 1691 547 1744 insperato
577 1690 734 1731 iudicio
764 1689 909 1744 Grylli,
941 1690 1085 1731 saluos
1110 1703 1160 1731 ac
1181 1690 1363 1731 reduces
1390 1690 1599 1743 recipiunt

118 1760 251 1801 domo.
299 1761 521 1815 Decipitur
552 1761 725 1802 tandem
758 1761 927 1814 fugitivi
972 1762 1131 1802 servuli
1162 1761 1330 1803 technis
1362 1761 1596 1803 Parasitus.

700 1994 1004 2040 Prologus

235 2076 284 2112 in
315 2076 524 2124 Gryllum
557 2076 844 2113 comoediam
877 2076 1225 2113 Bartholomaei
1256 2076 1477 2113 Pannoni.

229 2198 359 2239 Jubet
380 2210 457 2239 vos
479 2198 645 2239 salvere
670 2204 847 2239 cunctos
869 2198 1140 2249 Theatrales,
1177 2198 1394 2250 Scenicos,
1420 2199 1596 2254 Specta-

112 2277 240 2310 tores.
278 2268 519 2309 Comoedus
554 2269 763 2322 optimos:
798 2269 933 2310 Nemo
961 2269 1159 2323 rependit
1180 2268 1398 2323 gratiam?
1433 2283 1596 2311 comoe-

113 2339 225 2381 diam
271 2353 355 2380 non
395 2339 682 2392 Tragoediam
728 2340 876 2390 acturi,
933 2339 1162 2381 Semovete
1209 2340 1373 2381 frontes
1418 2354 1443 2381 a
1474 2340 1596 2382 vobis

113 2416 353 2464 caperatas,
397 2411 432 2451 si
466 2410 535 2462 qui
569 2416 666 2451 sunt
700 2411 780 2461 hic,
820 2410 1074 2451 Bleferones
1108 2411 1242 2452 hirtas
1276 2411 1477 2463 avellant,
1513 2425 1594 2463 quo

113 2481 348 2535 spectatius
366 2479 409 2534 (1)
441 2481 554 2522 hano
581 2488 779 2534 spectent
802 2481 1006 2533 fabulam,
1041 2495 1140 2522 nam
1165 2483 1345 2523 oculatis
1377 2482 1445 2523 hic
1472 2482 1595 2524 nobis

113 2565 220 2605 opus
254 2552 331 2592 erit
363 2552 559 2604 testibus,
594 2566 720 2593 aures
754 2552 954 2594 admovet
984 2559 1025 2593 et
1058 2559 1202 2594 tamen
1235 2553 1458 2595 distinctos
1483 2553 1593 2595 enim

113 2621 173 2675 (ut
205 2622 323 2664 fama
354 2622 501 2677 refert)
545 2622 612 2665 his
646 2623 892 2677 regionibus
937 2623 1108 2665 habetis
1142 2637 1322 2665 sensus:
1361 2637 1474 2665 nunc
1507 2624 1594 2664 ani-

113 2707 225 2734 mum
267 2693 490 2745 advertite,
535 2700 580 2735 ut
613 2694 684 2747 qui
729 2694 880 2736 sedere
927 2700 1127 2747 nequeat,
1173 2695 1327 2737 stando
1366 2695 1593 2748 negocium

114 2770 309 2818 spectare
354 2765 488 2806 libere
532 2765 682 2819 possit.
738 2765 875 2807 Senes
929 2778 1035 2818 quos
1089 2765 1319 2807 comoedus
1371 2764 1592 2819 (morosos

113 2835 291 2883 vetulos,
337 2834 580 2887 Silicernos,
626 2850 677 2878 ac
711 2837 763 2878 ob
809 2842 994 2878 aetatem
1028 2837 1252 2878 molestam
1296 2836 1590 2890 lumbifragos,

115 2905 185 2957 qui
218 2905 469 2958 gradiuntur
501 2905 713 2961 duplices)
746 2907 934 2959 inducet,
975 2908 1265 2949 Athenienses
1299 2914 1395 2949 sunt
1427 2906 1593 2962 patricii
