1898 3278
1545 147 1589 181 21

110 289 212 331 mihi
244 295 453 344 praestes.
488 288 600 341 quod
633 288 816 330 omnium
851 293 916 330 est
959 288 1187 329 maximum
1218 288 1485 343 maximeque
1518 304 1589 332 ne-

111 360 368 401 cessarium:
404 359 602 413 quodque
635 358 791 400 nullius
808 359 891 399 nisi
913 364 988 400 tua
1019 359 1144 400 unius
1167 372 1298 414 opera
1320 373 1387 402 me
1414 362 1589 414 assequi

108 444 238 485 posse
271 429 450 472 confido.
484 430 602 471 Vale.

111 650 456 687 Bartholomaei
470 650 682 687 Pannoni
701 650 952 687 Comaedia
967 651 1155 698 Gryllus
1176 653 1223 688 et
1242 651 1446 688 eiusdem
1465 652 1588 688 inter

374 709 681 757 Vigilantiam
708 711 755 746 et
781 709 1028 756 Torporem
1053 710 1287 758 Dialogus.
1306 712 1316 731 ¹

107 818 401 861 Illustm'ssimo
434 818 634 873 Principi
665 818 834 861 domino
857 834 906 861 ac
928 819 1096 862 domino
1125 819 1300 875 Georyio
1322 820 1408 862 Det·
1435 822 1588 874 Gratia

104 889 351 932 Marchiom'
363 889 788 945 Brandenburyeoszsi,
807 889 959 932 Stettz‘n
966 890 1068 943 ensi,
1079 891 1419 944 Pomemniensi,
1435 891 1586 934 Cassa-

107 959 289 1002 hortensi
310 975 358 1002 ac
376 960 602 1002 Slavorum
621 960 732 1003 Duco:
752 961 1006 1016 Buryqravo
1020 961 1380 1017 Nurenberyensi,
1398 962 1588 1018 1311913αο-

105 1045 184 1084 que
196 1030 422 1084 perineipz}
447 1031 634 1074 Domino
656 1046 733 1073 suo
757 1030 1064 1086 gratiosissimo
1097 1032 1450 1075 Bartholomaeus
1471 1034 1588 1075 Pan-

727 1116 883 1145 nonus.
920 1102 962 1145 S.

207 1221 326 1262 'Cum
378 1222 553 1262 multum
606 1222 763 1275 diuque
816 1236 980 1264 mecum
1028 1223 1121 1276 ipse
1171 1224 1326 1277 cogito⁷
1378 1224 1585 1278 Princeps

104 1292 388 1334 illustrissime
422 1306 503 1346 quo
537 1293 724 1334 animum
756 1294 840 1334 iam
872 1307 1011 1347 poene
1038 1301 1376 1336 marcescentem
1397 1295 1439 1336 in
1462 1309 1584 1336 usum

104 1363 409 1415 contraherem,
443 1363 618 1406 difficile
650 1371 781 1415 ratus7
827 1365 1065 1418 rubiginem
1098 1366 1167 1407 vel
1200 1367 1334 1407 semel
1372 1366 1585 1408 mordicus

106 1441 366 1477 contractam
400 1435 605 1477 inviciata
636 1437 830 1488 materia⁷
863 1436 1073 1478 refellere.
1107 1436 1249 1486 Quare
1272 1451 1357 1479 non
1380 1438 1589 1480 absonum

104 1505 204 1546 duxi
253 1506 334 1547 hac
383 1506 534 1547 saltem
585 1508 776 1548 aetatula
827 1508 1097 1561 speculorum
1145 1522 1195 1549 ac
1246 1508 1587 1563 paradigmatum

103 1576 230 1617 totius
263 1577 477 1618 humanae
510 1578 624 1619 vitae
654 1575 715 1631 (ut
746 1578 828 1619 hoc
862 1578 1134 1631 comicorum)
1167 1580 1415 1621 calcaneum
1446 1594 1587 1621 aemu-

101 1647 259 1688 latione
293 1648 475 1701 quadam
510 1647 553 1700 (a
586 1649 713 1702 longe
748 1648 915 1703 saltem)
961 1649 1096 1702 sequi,
1142 1650 1242 1691 hinc
1274 1663 1334 1701 se,
1382 1651 1478 1692 dum
1513 1651 1587 1692 illa

101 1732 265 1760 mecum
309 1725 474 1773 reputo,
514 1719 715 1761 materies
761 1719 869 1761 duce
903 1720 1193 1772 orbataoffert,
1238 1721 1513 1763 Mecoenates
1547 1722 1583 1763 si

102 1803 207 1843 quos
240 1790 450 1844 reperiam
484 1790 639 1844 cogito,
686 1789 742 1832 ad
775 1804 881 1843 quos
924 1791 1162 1833 institutum
1208 1793 1459 1846 opusculum
1493 1799 1582 1834 tuto

100 1861 309 1912 volitaret,
356 1861 479 1903 offert
524 1875 570 1903 se
603 1868 702 1903 tuae
734 1862 1047 1904 illustrissimae
1093 1863 1393 1905 dominaitonis
1439 1863 1583 1906 candi-

101 1932 277 1973 dissima
313 1932 442 1974 totius
478 1933 665 1987 corporis
702 1933 853 1984 facies7
888 1947 1014 1986 quam
1047 1940 1092 1974 ut
1124 1934 1232 1975 alias
1265 1935 1450 1988 genuino
1484 1948 1583 1988 quo-

101 2003 198 2044 dam
227 2004 394 2045 stimulo
420 2003 463 2045 in
493 2004 585 2046 dies
607 2005 745 2058 magis
771 2004 948 2046 laudare
971 2006 1167 2047 venerari
1189 2019 1418 2059 amareque
1452 2012 1583 2047 satta—

99 2087 247 2127 gerem
281 2074 343 2115 sic
366 2080 574 2128 oportuno
602 2076 693 2116 zelo
725 2075 839 2117 idem
862 2081 961 2117 tuae
985 2076 1301 2118 munificentiae
1325 2077 1581 2119 dedicarem.

98 2144 276 2198 Nequeo
299 2159 482 2198 namque
511 2146 592 2187 hac
625 2153 771 2188 nostra
794 2153 1123 2200 quantacunque
1147 2153 1291 2189 aetate
1321 2148 1582 2189 comminisci

100 2229 222 2268 quem
256 2217 325 2258 vel
358 2217 593 2259 secundum
639 2218 767 2259 etiam
800 2225 897 2272 post
929 2224 1043 2259 tuam
1089 2219 1417 2260 illustrissimam
1451 2219 1581 2260 domi-

100 2287 315 2329 nationem
340 2286 450 2342 (cum
482 2289 542 2330 ita
563 2286 740 2344 polleat)
762 2303 960 2344 posuero,
993 2291 1175 2331 maxime
1199 2291 1269 2343 qui
1292 2305 1385 2332 cum
1409 2291 1580 2344 generis

98 2359 437 2411 praeeminentia
478 2360 588 2401 inter
630 2366 824 2402 caeteros
861 2361 1076 2415 principes
1121 2362 1253 2403 veluti
1286 2363 1349 2403 sol
1389 2361 1581 2415 liquidis·

99 2429 229 2470 simus
261 2430 371 2471 inter
404 2436 520 2472 astra
553 2432 725 2483 emices⁷
760 2433 909 2485 quales
942 2446 1126 2485 namque
1165 2433 1367 2474 habueris
1413 2440 1581 2476 attavos

218 2581 227 2600 ²
254 2582 553 2618 Bartholomaeus
591 2585 874 2619 Pannoniusnak
901 2597 920 2619 e
951 2586 1140 2631 munkajat
1166 2598 1186 2621 a
1218 2588 1259 2621 R.
1287 2587 1330 2621 M.
1358 2588 1400 2621 K.
1438 2588 1497 2621 III.
1526 2588 1580 2623 67.

96 2639 250 2685 talaljuk
268 2641 395 2682 leirva;
423 2643 622 2687 meg-jelent
642 2642 821 2685 Becsben,
841 2645 1029 2680 1516-ban.
1048 2645 1082 2679 A
1105 2645 1257 2691 Gryllus
1278 2648 1393 2680 czimii
1412 2646 1582 2681 komedia

96 2698 371 2746 Brandenburgi
409 2700 560 2746 Gyo‘rgy
587 2702 794 2747 (irglofnak,
837 2704 878 2738 II.
906 2705 1016 2749 Lajos
1051 2704 1293 2750 nevelz'ijenek
1318 2717 1387 2740 van
1415 2706 1580 2751 ajanlva3

98 2768 118 2790 a
148 2758 350 2803 „Dialoyus
375 2759 469 2794 inter
500 2761 742 2805 Vz'yilcmtiam
762 2766 793 2797 et
823 2763 1038 2807 Torporem*
1069 2764 1180 2809 pedig
1206 2764 1406 2810 Szakmary
1432 2765 1582 2809 Gyorgy

97 2815 198 2859 pecsi
223 2819 454 2862 piispoknek.
494 2820 605 2855 Denis
648 2822 815 2863 „Wiener
839 2822 1096 2857 Buchdrucker
1122 2822 1362 2859 Geschichte“
1404 2825 1482 2858 335.
1522 2828 1582 2858 azt

98 2877 272 2922 gyaffitja,
312 2878 412 2923 hog-y
450 2889 523 2923 egy
561 2881 663 2914 azzal
689 2892 710 2914 a
735 2881 971 2915 Frankfm·ter
1009 2881 1287 2925 Pannoniussal‚
1326 2884 1361 2917 ki
1403 2884 1580 2918 Homeros

96 2935 598 2983 Bacht1·as·homiomachiajat
624 2939 749 2974 kiadta
777 2940 878 2974 1516.
