1919 3273
330 96 400 130 458

332 255 417 282 non
450 247 536 282 tam
570 241 699 284 officii
731 243 870 296 gratia
903 256 1028 296 quam
1061 258 1282 285 munerum
1311 257 1388 298 spe
1412 245 1556 286 allecti
1577 245 1824 300 visitabant)

332 325 468 364 usque
502 312 611 354 adeo
646 314 867 367 profusam
899 322 1151 366 memorant,
1186 315 1247 356 uti
1276 315 1421 369 plures
1453 316 1496 356 in
1528 315 1826 370 Neapolitanis

333 383 481 425 abacis
508 384 747 438 Ungaricas
773 383 849 438 (uti
871 384 1005 440 aiunt)
1028 400 1161 440 copas
1184 400 1310 439 quam
1331 387 1374 427 in
1398 386 1658 429 Pannonicis
1680 401 1825 429 nume-

331 467 426 495 rare
450 468 597 508 queas.
634 456 777 506 Quare
798 457 956 498 nullius
979 471 1157 512 regnum
1181 458 1500 512 ingratitudinis
1523 459 1647 512 argui
1668 466 1823 513 potest.

450 526 540 567 Fol.
567 526 695 570 1251).
732 527 1061 570 Clementiorem
1085 531 1197 570 enim
1224 529 1430 570 Mathiam
1452 543 1503 571 ac
1526 530 1664 584 magis
1692 543 1825 585 popu-

331 597 465 637 larem
511 603 611 639 ante
645 598 737 640 eius
782 599 1015 641 adventum
1059 600 1194 642 fuisse
1228 600 1495 654 praedicant,
1540 607 1694 654 postea
1725 614 1825 643 vero

333 667 616 710 difficiliorem
649 670 994 724 severioremque
1029 672 1238 714 evasisse.
1285 670 1471 713 Obstant
1504 671 1701 713 crudeles
1735 672 1827 713 eius

333 739 463 780 animi
496 746 538 781 et
569 740 834 783 inexorabile
870 742 1128 795 quandoque
1158 749 1321 796 pectus.
1357 742 1524 797 Quippe
1549 756 1658 795 quae
1682 756 1826 796 quam-

331 810 396 852 vis
428 812 657 853 nonnullos
692 812 978 854 ostentandae
1009 813 1329 855 misericordiae
1352 814 1492 867 gratia
1515 820 1704 856 extremo
1729 827 1826 868 sup-

332 881 459 935 plicio
482 883 687 933 liberarit,
712 897 964 937 magnorum
986 889 1132 925 tamen
1155 885 1339 927 virorum
1364 885 1547 926 salutem
1571 886 1643 938 qui
1665 885 1827 926 delato-

331 966 422 994 rum
469 954 716 995 criminibus
762 955 909 995 autin
943 955 1114 996 exilium
1159 956 1268 997 ultro
1315 962 1634 1007 concesserant,
1680 962 1754 997 aut
1785 956 1827 997 in

334 1031 546 1078 perpetua
579 1025 723 1067 vincta
757 1026 939 1068 coniecti
972 1027 1078 1067 nihil
1099 1033 1236 1069 morte
1260 1027 1425 1081 turpius
1447 1027 1712 1069 affectabant
1731 1041 1828 1069 con-

332 1096 562 1150 tempsisse
596 1097 689 1138 visa
714 1095 768 1151 (5²)
801 1111 854 1138 ne
888 1098 1067 1151 petiisse
1102 1098 1293 1139 dixerim.

451 1167 572 1208 Thuz
592 1168 741 1209 Ianum
763 1168 875 1209 enim
896 1169 1198 1222 gravissimum
1220 1169 1670 1224 sapientissimumque
1692 1171 1828 1212 virum

334 1244 376 1279 et
409 1252 432 1279 e
465 1238 716 1280 Pannoniae
760 1239 922 1292 regulis
968 1240 1302 1293 haudquaquam
1340 1240 1587 1282 inferiorem
1620 1247 1827 1295 perpetuo

334 1310 507 1351 exulare
541 1310 745 1364 permisit.
780 1311 953 1351 Petrum
978 1324 1146 1364 quoque
1176 1311 1475 1353 Colociensem
1499 1311 1827 1366 metropolitam,

332 1380 464 1422 virum
499 1395 659 1435 magna
692 1381 886 1423 doctrina
919 1388 961 1423 et
983 1382 1231 1436 integritate
1258 1388 1550 1437 praestantem
1574 1397 1677 1437 prae
1698 1383 1827 1424 nimia

332 1452 537 1505 loquendi
581 1453 781 1494 libertate
816 1453 898 1495 sibi
929 1453 1145 1494 infensum
1191 1460 1399 1508 perpetuo
1434 1467 1607 1496 carcere
1644 1454 1828 1495 liberare

332 1536 417 1564 non
466 1523 640 1566 studuit.
698 1524 1018 1565 Perhorrebant
1069 1525 1197 1566 etiam
1248 1524 1449 1579 profusos
1504 1525 1827 1578 insolentesque

334 1601 529 1648 sumptus
564 1595 739 1648 Ungari,
775 1608 882 1648 quos
916 1609 1020 1650 prae
1053 1596 1184 1637 nimia
1210 1596 1400 1638 Mathiae
1423 1597 1538 1650 regis
1559 1596 1829 1649 indulgentia

333 1666 549 1719 quondam
582 1667 727 1708 facere
762 1667 943 1709 solebat.

451 1738 538 1779 Fol.
573 1737 670 1780 28a.
718 1738 883 1793 Nempe
917 1752 1002 1780 non
1037 1739 1092 1780 ad
1124 1740 1247 1793 regni
1281 1740 1476 1791 salutem,
1523 1752 1607 1780 non
1641 1739 1697 1781 ad
1729 1752 1827 1781 con-

334 1808 522 1850 cordiam
553 1809 818 1864 ·principum,
864 1823 949 1851 non
995 1811 1051 1852 ad
1096 1811 1284 1864 quietem
1330 1811 1598 1865 populorum,
1643 1824 1729 1852 non
1773 1810 1829 1852 ad

332 1880 539 1921 laetitiam
587 1887 628 1922 et
672 1881 900 1922 utilitatem
946 1882 1152 1935 gentium,
1199 1882 1278 1923 sed
1311 1882 1367 1922 ad
1402 1881 1750 1933 continuandam,
1784 1888 1829 1922 ut

333 1964 482 1993 omnes
528 1953 655 2006 plane
689 1952 992 2004 vociferantur,
1032 1952 1344 2007 tyrannidem,1
1391 1953 1447 1994 ad
1488 1952 1828 1994 exhauriendum

331 2036 526 2077 regnum,
561 2023 617 2064 ad
650 2023 917 2077 saginandos
950 2024 1195 2076 histriones,
1231 2023 1286 2065 ad
1318 2023 1648 2078 locupletandos
1682 2023 1828 2078 cytha-

331 2094 461 2136 redos
496 2101 538 2135 et
571 2100 783 2146 cantores,
817 2095 1008 2136 violenta
1041 2101 1083 2136 et
1117 2095 1210 2137 dira
1244 2094 1459 2136 connubia
1491 2095 1671 2136 molitur.

374 2291 584 2328 Thadaei
609 2291 826 2340 Ugoletti
852 2293 1041 2329 litterae
1069 2293 1129 2328 ad
1154 2303 1311 2339 regem
1338 2292 1588 2329 Matthiam
1614 2292 1787 2328 datae.2

449 2391 563 2432 Dum
587 2404 719 2445 opera
747 2392 913 2433 erudita
940 2392 994 2433 ab
1024 2392 1238 2433 oblivione
1271 2391 1490 2433 vindicare
1522 2396 1585 2432 tot
1610 2391 1827 2444 tantisque

333 2463 560 2504 conatibus
593 2462 840 2515 adlaboras,
875 2469 917 2504 et
938 2463 1033 2517 ipse
1056 2463 1145 2515 tibi,
1179 2477 1254 2504 rex
1275 2464 1472 2514 maxime,
1507 2469 1827 2504 monumentum

332 2539 405 2575 tuo
425 2533 602 2587 dignum
625 2534 796 2575 nomine
820 2535 993 2576 extruis.
1020 2535 1110 2576 Iam
1133 2535 1236 2576 urbs
1259 2533 1434 2576 nostra³
1450 2531 1681 2588 (zvestra)
1697 2533 1829 2575 veluti

452 2649 462 2668 1
490 2652 506 2683 t
532 2650 697 2684 ranidem
727 2650 763 2684 C.

452 2709 464 2728 ²
483 2661 623 2743 Ayczim
637 2709 749 2744 tolem
763 2709 857 2744 valo.
873 2710 1008 2745 Kiadta
1021 2710 1060 2745 P.
1076 2709 1119 2744 A.
1137 2710 1266 2750 Budik,
1280 2710 1512 2754 Entstehung
1526 2709 1600 2743 und
1615 2708 1749 2743 Verfall
1763 2707 1827 2742 der

333 2769 548 2803 beriihmten
573 2779 647 2802 von
673 2769 796 2813 Ko'nig
820 2769 976 2803 Mathias
999 2769 1175 2804 Corvinus
1195 2770 1412 2813 gestifteten
1429 2768 1641 2803 Bibliothek
1659 2778 1704 2801 zu
1724 2766 1825 2801 Ofen.

332 2828 574 2872 (Jahrbiicher
592 2828 656 2862 der
675 2828 879 2862 Litteratur.
896 2829 1014 2870 Wien,
1036 2829 1137 2863 1839.
1156 2829 1221 2863 Bd.
1244 2830 1299 2863 88.
1317 2828 1609 2873 Anzeige-Blatt)
1629 2839 1663 2871 p.
1683 2827 1750 2868 41„
1770 2828 1825 2861 4⁴2.

451 2887 463 2906 ³
489 2890 616 2922 nostra
641 2888 729 2922 utan
753 2887 935 2922 Budiknal
963 2888 1126 2933 zarjelek
1152 2888 1240 2922 ko'zt
1265 2888 1458 2922 Florentia
1484 2888 1541 2922 all.
