1919 3273
121 313 177 347 27.

124 723 179 757 28.

124 843 180 876 29.

124 961 181 995 30.

126 1079 181 1113 31.

126 1139 182 1172 32.

126 1257 182 1290 33.

127 1375 183 1409 34.

127 1554 184 1587 35.

129 1675 185 1708 36.

128 1734 185 1768 37.

129 1853 185 1886 38.

132 1971 188 2005 39.

131 2150 188 2183 40.

132 2280 189 2313 41.

135 2471 192 2504 42.

134 2601 191 2634 43.

134 2721 190 2754 44.

1512 261 1584 295 Pag.

205 311 361 347 Camers
387 311 570 356 (Ioannes)
607 311 774 355 Epistola
800 311 846 345 ad
874 311 1099 355 Stephanum
1126 311 1170 345 de
1197 311 1442 345 Verbeucz.

380 371 554 413 Viennae,
582 370 734 404 MDXIV
737 397 1441 404 .............
1542 369 1585 402 98

321 429 382 463 Ad
408 431 564 465 eundem
611 456 1443 464 ...............
1543 429 1586 462 99

323 488 384 523 Ad
410 489 566 523 eundem
611 515 1443 522 ...............
1521 488 1587 521 100

322 547 571 582 Hexastichon
598 548 644 582 ad
670 548 825 582 eundem
845 575 1444 581 ...........
1522 547 1588 580 100

322 607 508 641 Francisci
527 607 636 647 Zelei,
662 607 867 641 Waciensis
890 610 927 641 et
944 607 1182 641 Posoniensis
1200 606 1446 641 Ecclesiarum

383 665 558 700 Canonici
585 667 743 700 carmina
770 666 816 700 ad
840 666 1015 700 lectorem
1083 693 1444 700 .......
1523 665 1589 698 100

231 743 275 747 -
324 724 383 758 Ad
402 725 627 769 Stephanum
646 725 848 760 Werbeucz
908 752 1445 759 ..........
1523 725 1588 758 101

323 784 539 819 Franciscus
565 785 667 818 Lado
695 784 837 819 Siculus
864 784 1158 829 Transsylvanus
1186 784 1231 818 ad
1258 784 1448 818 Lectorem
1523 784 1588 817 102

233 862 275 866 —
326 843 530 887 (Ioannesk
556 844 617 878 Ad
644 843 682 878 C.
702 844 783 877 Iulii
801 844 915 878 Solini
942 842 1162 887 πολυίστωρα
1189 843 1447 878 enaffationes.

386 902 526 937 MDXX
531 930 1471 937 .................
1524 902 1590 935 102

235 981 278 985 *—
329 962 528 1005 (loannes):
552 963 719 1006 Epistola
745 962 970 996 dedicatoria
996 962 1042 995 ad
1070 961 1309 996 Benedictum
1334 961 1449 995 Beke-

385 1021 494 1055 nium.
522 1022 696 1062 Viennae,
723 1021 910 1055 MDXVIII
914 1048 1448 1054 ..........
1524 1020 1591 1053 103

210 1078 403 1114 Candidus
417 1081 680 1123 (Eustachius):
695 1081 755 1115 Ad
768 1081 941 1115 Mathiam
954 1091 1088 1125 regem.
1097 1078 1448 1114 MCCCCLXXXVI.
1525 1080 1592 1113 104

210 1137 334 1173 Carbo
361 1140 598 1182 (Ludovicus)
616 1153 622 1174 :
651 1139 803 1174 Carmen
824 1140 870 1174 ad
887 1140 1118 1173 Franciscam
1143 1139 1345 1173 Fontanam
1366 1139 1450 1172 ami-

386 1209 465 1233 cam
492 1199 743 1233 doctissimam
770 1202 807 1233 et
832 1202 1015 1243 speratam
1042 1209 1143 1232 suam
1207 1225 1449 1232 .....
1526 1198 1591 1231 105

211 1255 443 1301 Capellanus
481 1258 690 1302 (loanneslz
736 1259 795 1292 Ad
833 1259 969 1292 Aldum
1006 1258 1215 1292 Manutium.
1256 1259 1307 1291 Ex
1336 1258 1451 1298 Euda„

386 1318 590 1352 decembris
619 1320 661 1351 19
667 1344 1449 1352 ..............
1527 1317 1593 1350 106

212 1374 441 1411 Chesserius
468 1378 668 1420 (Michael):
708 1378 768 1411 Ad
795 1377 994 1421 Georgium
1021 1377 1133 1420 episc.
1169 1376 1451 1420 Quinqueeecle-

388 1437 546 1471 siensem
590 1438 626 1470 in
667 1438 873 1472 versionem
915 1436 1087 1471 Isocratis
1131 1435 1317 1477 orationis,
1361 1446 1452 1479 quae

387 1495 555 1530 Nicocles
582 1496 790 1531 inscribitur
853 1521 1451 1530 ...........
1528 1494 1594 1528 107

213 1552 475 1598 chrysologus
503 1556 606 1599 (Fr.):
641 1557 694 1590 De
721 1557 924 1601 linguarum
953 1555 1129 1590 scientiae
1156 1555 1322 1589 utilitate.
1350 1554 1455 1588 Vien-

387 1626 467 1656 nae,
494 1616 680 1649 MDXVIII
685 1641 1451 1649 ..............
1529 1613 1594 1646 108

213 1672 388 1708 Clemens
414 1675 524 1709 VIL:
551 1676 611 1709 Ad
636 1676 861 1709 Ludovicum
887 1675 925 1708 ΙΙ.
954 1674 1121 1718 epistola.
1148 1673 1328 1707 MDXXV.
1385 1701 1391 1706 .
1446 1701 1451 1706 .
1530 1672 1594 1705 109

213 1732 465 1769 Constantius
491 1735 751 1778 (Anthonius):
779 1734 870 1779 Regi
891 1734 1046 1768 Mathiae
1073 1743 1218 1767 carmen
1240 1732 1453 1777 elegiacum.

388 1793 672 1828 MCCCCLXIV.
735 1819 1451 1827 .............
1531 1793 1596 1825 110

214 1851 424 1887 Coturnius
450 1853 737 1897 (Leonhardus):
767 1852 887 1887 Oratio
915 1853 961 1886 ad
988 1851 1202 1896 Gregorium
1228 1851 1274 1885 de
1299 1851 1456 1895 Frange-

389 1913 556 1956 panibus.
584 1912 730 1946 MDXV.
799 1938 1455 1946 ............
1532 1911 1598 1943 113

217 1970 447 2006 Orosnensis
467 1972 648 2009 lPaulusl:
670 1971 844 2006 Gabrielli
863 1971 1060 2005 Perenaeo.
1082 1970 1290 2004 Cracoviae.
1310 1968 1454 2002 MDXII.
1532 1969 1599 2002 117

332 2031 393 2065 Ad
419 2032 576 2066 eundem
602 2032 700 2065 varia
738 2031 896 2065 carmina
922 2041 1003 2064 cum
1038 2029 1263 2064 dedicatoria
1290 2028 1456 2072 epistola.

392 2091 545 2124 MDXIX
549 2115 1337 2125 ..............
1414 2087 1599 2121 120-127

215 2147 402 2192 Cybeleus
441 2150 669 2193 (Valentinus
688 2161 730 2171 ’ᾗ
758 2150 945 2194 Hagymas
976 2148 1132 2191 Banna:
1160 2147 1387 2181 Declamatio
1415 2147 1459 2181 de

390 2209 466 2243 vini
493 2213 528 2244 et
555 2219 672 2253 aquae
699 2209 900 2252 potoribus.
928 2209 1117 2251 Hagenau.
1146 2205 1325 2240 MDXVII.
1391 2234 1396 2239 .
1450 2233 1455 2238 .
1532 2206 1598 2238 128

218 2279 480 2314 Debreczinus
507 2280 747 2323 (Ladislaus):
788 2278 1096 2323 Hendecasyllabi
1135 2278 1180 2311 ad
1206 2277 1375 2321 Magium.
1420 2277 1460 2310 ln

394 2340 553 2374 editione
592 2340 788 2373 carminum
829 2339 906 2373 Iani
950 2338 1137 2372 Pannonii.
1179 2357 1223 2360 —
1260 2336 1458 2377 Bononiae,

392 2399 556 2433 MDXIII.
619 2422 1453 2432 ...............
1533 2395 1599 2428 178

223 2469 430 2513 Dionysius
457 2470 686 2515 (Cynthius);
712 2470 881 2512 Diploma
908 2469 1045 2503 editum
1074 2478 1116 2502 ex
1145 2467 1305 2510 capitulo
1333 2466 1460 2510 Sagra-

393 2530 520 2564 biensi.
548 2528 781 2563 MCCCCXC.
855 2555 1098 2561 .....
1151 2536 1157 2541 ·
1211 2553 1452 2560 .....
1532 2526 1600 2558 178

218 2600 383 2634 Ecchius
409 2601 675 2643 (Valentinus):
714 2599 882 2643 Epistola
909 2598 1135 2632 dedicatoria
1163 2598 1208 2631 ad
1235 2597 1462 2630 Thursonem

393 2661 430 2694 in
484 2659 699 2703 „Dialogum
742 2659 786 2692 de
838 2658 1061 2701 reipublicae
1114 2656 1461 2691 administratione“.

241 2741 284 2744 —
335 2722 395 2755 Ad
433 2720 664 2755 Clarissimos
702 2719 798 2752 viros
836 2717 1029 2751 Dominum
1065 2716 1211 2749 Petrum
1251 2715 1401 2758 Ozipser
1427 2718 1462 2749 et

396 2781 577 2814 Andream
597 2779 742 2813 Reuber
762 2776 957 2820 Bartphani
979 2776 1103 2819 populi
1122 2775 1221 2808 illum
1240 2774 1462 2817 spiritualem

395 2841 491 2874 hunc
519 2839 753 2879 saecularem,
789 2837 1040 2870 moderatores
1067 2835 1314 2879 dignissimos.
1355 2834 1461 2866 Anno

396 2898 582 2932 MDXVIII
588 2921 1460 2930 ................
1538 2892 1602 2924 199
