1919 3273
1510 104 1579 138 407

87 244 225 287 vdecus
257 244 417 286 iamdiu
449 250 654 298 suscepta
686 244 748 285 sic
780 244 876 296 sint,
911 250 957 285 ut
980 246 1096 287 solus
1119 246 1162 287 in
1183 247 1307 289 terris
1339 247 1577 288 mortalium

92 315 279 357 videaris
298 315 353 356 ad
371 315 573 356 tuendam
598 314 939 368 servandamque
962 315 1249 358 Christianam
1272 318 1578 372 rempublicam

91 400 116 428 a
149 387 230 427 deo
262 386 357 440 ipso
391 385 595 427 delectus.
628 386 727 439 Ipse
760 399 861 427 vero
896 385 949 426 de
982 387 1110 428 rebus
1141 388 1308 429 bellicis
1340 388 1492 430 librum
1523 388 1577 429 ad

90 463 146 508 te,
182 457 253 510 qui
283 457 326 498 in
358 457 424 497 his
459 456 517 497 sis
550 456 678 497 facile
713 456 914 510 princeps
947 470 1059 498 nunc
1079 458 1213 510 mitto⁷
1247 459 1453 500 missurus
1480 465 1577 513 post

91 527 204 568 1111110
236 527 408 568 maioris
441 527 667 569 voluminis
701 527 894 579 alterum,
929 534 974 568 ut
1009 530 1161 570 saltem
1194 530 1275 571 hoc
1308 536 1433 584 pacto
1465 531 1575 572 bene

89 598 242 639 mereri
277 598 329 639 de
362 604 403 639 te
434 604 519 639 tam
544 598 702 652 optimo
724 599 884 652 possim
921 599 1189 642 Christianae
1211 600 1311 642 fidei
1335 601 1576 653 defensore,

87 676 131 710 et
168 669 307 710 animo
342 669 447 710 satis
480 669 625 710 facere
660 683 766 711 meo.
816 670 1035 711 Maiestati
1067 677 1166 711 tuae
1199 671 1373 713 mirifice
1419 672 1574 714 dedito.

452 752 784 806 Christophorus
818 753 1011 794 Persona
1044 753 1212 795 dicavit.

85 973 292 1010 Persona
318 974 502 1010 Kristof
525 974 754 1020 Agathias
781 975 1110 1011 sorditasanak
1135 976 1325 1011 Beatrix
1345 975 1576 1023 11110151Πὸ-

539 1039 624 1075 h‘oz
651 1039 845 1076 intezett
871 1040 1116 1077 e16szava.1

146 1143 336 1186 Beatrz'czss
360 1143 407 1184 cle
430 1143 654 1198 Araqosnza
679 1144 743 1185 Se.
770 1143 966 1199 Reyincte
992 1144 1209 1200 Unyariae
1229 1145 1521 1198 Boemiaeque.

208 1239 313 1280 Cum
345 1246 418 1279 tua
452 1244 493 1280 et
525 1239 645 1291 regia
670 1239 966 1281 animadverto
991 1240 1119 1281 animi
1143 1248 1405 1293 ornamenta,
1429 1241 1574 1283 videre

87 1310 235 1352 videor
267 1316 414 1351 nostra
446 1310 555 1351 haec
588 1316 783 1364 tempora
816 1324 841 1351 a
874 1311 1025 1365 priscis
1057 1311 1142 1352 illis
1166 1325 1263 1353 esse
1297 1326 1382 1353 non
1404 1312 1574 1366 penitus

89 1381 231 1422 aliena
264 1381 307 1421 in
343 1381 496 1433 quibus
530 1381 711 1422 seminas
747 1381 953 1434 quasdam
983 1382 1185 1423 historiae
1218 1383 1391 1424 tradunt
1422 1383 1574 1424 litteris

88 1452 223 1494 fuisse
272 1460 355 1493 tam
399 1453 510 1494 bene
555 1453 799 1503 instructas,
847 1459 891 1493 ut
927 1466 1011 1494 non
1045 1453 1179 1494 solum
1224 1453 1289 1494 sui
1333 1453 1574 1495 hominibus

88 1523 307 1577 temporis,
354 1523 431 1564 sed
464 1524 533 1565 vel
564 1524 748 1577 posteris
796 1523 901 1577 ipsis
935 1524 1137 1565 miraculo
1170 1524 1340 1577 fuerint,
1386 1525 1574 1578 quando-

88 1594 259 1647 quidem
292 1600 465 1648 praeter
497 1601 760 1636 caeterarum
791 1595 1145 1636 consuetudinem
1170 1609 1255 1637 non
1281 1595 1406 1637 modo
1429 1596 1573 1648 latine,

88 1672 131 1706 et
165 1665 405 1718 elegantius
437 1666 594 1706 scirent
627 1665 703 1706 sed
738 1679 893 1719 graece
928 1667 1057 1707 etiam
1101 1667 1432 1720 perdidicissem
1472 1681 1574 1708 non-

88 1736 242 1777 nullae.
288 1736 413 1786 Quod
444 1736 554 1777 forte
588 1737 654 1777 his
686 1736 803 1778 factu
843 1737 1012 1778 facilius
1047 1745 1150 1789 erat,
1192 1752 1284 1779 cum
1319 1752 1372 1779 ex
1403 1738 1574 1792 linguae

86 1820 290 1849 romanae
342 1808 627 1861 praestantia,
684 1821 809 1860 quam
870 1808 1047 1849 latinam
1089 1808 1222 1850 fuisse
1269 1816 1310 1850 et
1357 1809 1575 1851 cultiorem

87 1878 238 1919 litteris
271 1879 487 1932 proditur3
534 1884 621 1919 tum
656 1879 755 1931 quia
789 1879 967 1920 aliarum
1003 1880 1210 1933 exemplis
1250 1879 1402 1921 eadem
1434 1894 1575 1922 aemu—

87 1949 263 1990 lantium
309 1950 450 1991 studia
494 1950 782 1991 incitabantur
828 1950 882 1991 ad
929 1950 1120 2003 gloriam.
1172 1950 1259 1992 Sed
1303 1957 1455 1992 natura
1494 1951 1575 1992 hac

86 2026 344 2074 tempestate
379 2035 473 2062 cum
506 2021 649 2062 nullae
683 2021 850 2075 uspiam
883 2021 1068 2063 feminae
1102 2027 1274 2075 praeter
1305 2028 1346 2063 te
1378 2022 1474 2072 sint,
1507 2023 1576 2064 vel

87 2092 124 2133 si
157 2104 267 2144 quae
302 2098 400 2133 sunt
431 2092 541 2133 forte
575 2092 635 2133 tui
679 2098 825 2133 tamen
860 2093 919 2133 nil
954 2093 1127 2144 similes,
1166 2106 1250 2133 non
1283 2106 1457 2147 possum
1489 2107 1575 2134 ma-

88 2163 285 2204 iestatem
318 2169 434 2204 tuam
467 2177 552 2204 non
585 2163 863 2204 vehementer
896 2163 1049 2215 mirari,
1085 2177 1210 2216 quam
1235 2163 1443 2205 eruditam
1467 2164 1575 2206 adeo

87 2246 185 2274 esse
219 2247 270 2275 ac
304 2234 474 2276 doctam
505 2234 654 2288 accepi
675 2240 720 2274 ut
744 2248 827 2275 non
854 2235 1061 2275 immerito
1086 2247 1219 2287 queas
1241 2248 1336 2276 cum
1358 2234 1575 2277 veteribus

87 2305 342 2359 comparari,
390 2311 430 2346 et
464 2305 519 2346 ad
553 2306 743 2359 corporis
778 2306 999 2359 egregiam
1043 2305 1222 2346 formam
1266 2306 1326 2346 ita
1358 2306 1575 2359 ingenium

87 2389 322 2417 exornasse
356 2383 401 2417 ut
433 2377 613 2431 perinde
646 2377 835 2418 voluisse
871 2382 1081 2430 appareat
1105 2376 1198 2416 eius
1221 2375 1468 2431 philosophi
1488 2376 1578 2417 imi-

85 2447 167 2488 tari
199 2453 446 2501 praecepta,
482 2448 552 2501 qui
586 2448 766 2489 decoros
801 2454 954 2502 suapte
990 2453 1142 2488 natura
1168 2447 1472 2489 adolescentes
1494 2448 1577 2490 dis-

87 2519 256 2573 ciplinis
289 2532 340 2560 ac
374 2519 498 2560 simul
530 2520 757 2561 virtutibus
805 2520 1051 2561 excolerent
1085 2518 1270 2560 animam
1312 2518 1573 2560 hortabatur.

85 2590 153 2631 Ad
184 2590 294 2632 haec
327 2590 495 2631 accedit
544 2590 657 2644 quod
689 2598 730 2631 te
781 2590 1162 2632 fortunatissimam
1194 2602 1365 2642 censeo,
1404 2603 1500 2630 nam
1534 2597 1575 2632 et

206 2765 216 2785 ¹
243 2766 278 2800 A
306 2766 393 2801 Cod.
421 2766 577 2800 Vindob.
606 2766 750 2803 sat-boh
789 2774 883 2799 saec.
911 2764 999 2804 XV.‚
1034 2773 1184 2808 nagyon
1211 2764 1379 2809 elegans;
1419 2776 1460 2800 az
1486 2766 1575 2801 Ara-

87 2825 212 2869 goniai
238 2823 278 2860 es
306 2824 529 2860 Corvin-fele
557 2825 811 2861 czimerekkel.
852 2823 973 2858 Czime
999 2833 1181 2867 ugyanaZ,
1222 2824 1311 2858 mint
1338 2836 1357 2858 0
1383 2827 1575 2862 miincheni

84 2883 234 2926 οοᾱθΧέ,
262 2884 403 2927 1411νὸ110,
430 2886 531 2929 hogy
554 2885 745 2929 ,qothorum
771 2884 911 2927 helyett
934 2882 1140 2926 gotthorum
1168 2894 1239 2919 van
1266 2886 1395 2920 henne,
