1955 3278
76 586 143 620 515

76 939 143 973 520

77 1293 142 1327 525

77 1647 144 1681 530

77 2002 142 2036 535

77 2357 144 2391 540

77 2712 142 2745 545

1485 151 1555 185 263

195 292 403 334 Fumosas
435 305 608 347 pernas,
645 293 795 346 gallos,
829 293 1085 346 leporesque
1117 293 1312 347 fugaces,

254 364 306 404 Et
339 376 449 416 quae
481 364 551 404 vix
584 364 714 416 longa
746 376 852 405 voce
884 363 1044 404 referre
1079 377 1245 416 queam.

194 434 313 476 Haec
347 435 513 475 steriles
545 435 675 475 nutrit
708 433 882 486 Carnos,
917 434 1165 488 crisposque
1198 435 1408 489 Moravos,

252 505 371 547 Haec
404 518 557 558 porcos
592 504 716 546 Stiris
742 502 787 557 (1)
820 505 1007 546 vendere
1042 518 1173 558 saepe
1209 507 1331 548 solet.

194 576 315 617 Haec
349 589 451 617 auro
483 575 591 616 ditat
622 575 785 626 Latios,
819 575 1055 628 doctosque
1090 576 1275 618 Polonos

253 646 454 687 Destinat
486 651 528 686 et
560 645 689 687 variis
724 645 866 687 dulcia
898 645 998 687 vina
1029 646 1182 699 plagis.

193 717 475 769 Hirsutasque
509 722 629 757 cutes
662 716 818 757 multas
850 716 1097 758 transmittit
1130 717 1186 758 ad
1220 731 1330 770 oras,

254 787 518 841 Cornipedes
552 787 680 829 etiam
714 787 767 828 de
801 801 933 841 grege
967 787 1146 841 praebet
1180 801 1326 841 equos.

195 858 283 900 Sed
316 859 456 912 pietas
489 858 655 912 patriae
689 858 811 900 vobis
845 858 898 899 de
932 867 1072 900 mente
1106 860 1298 911 recessit,

252 929 530 981 Iustitiaeque
564 928 686 979 fides,
720 929 1007 982 iudiciumque
1040 930 1166 983 pium.

192 1000 315 1041 Nunc
334 1000 476 1054 igitur,
505 1000 541 1040 si
562 999 693 1053 digna
715 1000 876 1053 loquor,
908 1000 1007 1041 dum
1027 1009 1220 1055 tempora
1243 1002 1440 1055 suadent,

254 1070 298 1112 Si
330 1070 496 1111 mordet
527 1072 693 1124 patriae
726 1084 809 1111 non
843 1072 1069 1112 moriturus
1103 1086 1233 1124 amor,

194 1142 247 1183 Et
280 1142 314 1183 si
346 1141 468 1182 firma
498 1141 607 1183 fides
640 1142 761 1183 vobis
794 1142 837 1182 in
870 1148 1043 1196 pectore
1076 1151 1243 1197 regnat,

252 1212 467 1254 Mentibus
501 1218 543 1253 et
574 1213 730 1254 vestris
764 1214 904 1266 gratia
935 1213 1077 1267 prisca
1111 1214 1247 1262 sedet,

194 1284 391 1336 Denique
426 1283 462 1324 si
495 1283 648 1337 cupitis
682 1290 851 1325 veteres
885 1285 1134 1326 assuniere1
1169 1299 1323 1336 mores,

252 1354 450 1395 Reddere
484 1362 525 1396 et
560 1355 761 1407 antiquae
796 1356 971 1396 saecula
1003 1356 1204 1397 militiae:

194 1426 287 1467 Huc
319 1439 483 1479 precor,
517 1425 601 1467 huc
633 1430 800 1466 vestras
835 1439 982 1468 omnes
1015 1427 1225 1468 advertite
1258 1437 1438 1481 mentes,

252 1496 338 1537 Vos
372 1496 532 1538 domini
565 1509 766 1550 proceres
799 1497 1004 1550 Hungara
1036 1498 1160 1539 turba
1193 1499 1327 1540 simul.

198 1566 449 1608 Unanimem
482 1567 640 1620 pariter
672 1567 785 1608 vitae
820 1573 990 1609 servate
1023 1575 1215 1609 tenorem

255 1637 465 1691 Sepositis
499 1638 614 1688 rixis,
647 1637 893 1690 invidiaque
927 1639 1050 1679 mala.

195 1708 365 1750 Foedus
399 1709 611 1750 amicitiae
646 1708 767 1762 parili
802 1710 1080 1763 constringite
1114 1718 1268 1761 mente,

252 1780 456 1833 Ingentes
490 1779 668 1831 animos,
705 1780 928 1821 conciliate
963 1781 1099 1823 simul.

193 1850 361 1904 Iungite
396 1850 597 1892 concordi
629 1851 825 1891 mortalia
858 1858 1034 1904 pectora
1066 1866 1192 1904 nexu,

253 1922 399 1962 Mutua
431 1921 493 1963 sic
524 1922 679 1975 pietas,
715 1922 775 1963 sic
809 1922 980 1964 socialis
1014 1937 1143 1965 amor.

194 1992 331 2034 Vivite
366 1993 566 2046 sepositis
598 1993 713 2043 rixis,
749 2001 790 2034 et
822 1993 896 2034 lite
929 2002 1106 2036 remota.

254 2063 318 2105 Sit
350 2076 519 2117 semper
551 2071 718 2117 gratum
750 2077 905 2105 nomen
938 2065 980 2105 in
1014 2078 1085 2106 ore
1118 2065 1201 2119 pio.

195 2133 388 2188 Occupet
420 2135 631 2175 instanter
663 2141 829 2176 mentes
863 2135 1091 2177 concordia
1126 2143 1308 2189 vestras,

255 2205 433 2259 Semper
465 2219 584 2247 amor
617 2212 761 2247 castus
795 2212 971 2260 pectora
1004 2214 1148 2247 vestra
1179 2214 1313 2260 regat.

196 2275 375 2331 Semper
406 2276 635 2318 amicitiam
668 2277 791 2331 parili
825 2278 1103 2330 constringite
1137 2286 1292 2330 mente,

254 2347 348 2397 Qua
380 2348 483 2388 nihil
516 2347 559 2388 in
592 2349 715 2389 terris
750 2348 920 2389 charius
955 2361 1052 2389 esse
1086 2355 1241 2402 potest.

193 2418 283 2460 Nec
316 2419 453 2460 maius
487 2419 715 2472 quicquam
747 2419 887 2461 facilis
922 2426 1075 2460 natura
1110 2420 1283 2471 creavit,

253 2489 434 2531 Pectore
468 2489 680 2531 amicitiae
715 2490 841 2532 fortia
874 2490 991 2531 facta
1027 2490 1217 2544 probant.

193 2560 314 2601 Haec
347 2561 557 2613 siquidem
590 2561 710 2602 firmo
742 2561 975 2602 fortissima
1011 2570 1186 2614 pectora
1217 2561 1329 2602 nodo

252 2631 407 2682 Nectit,
442 2638 483 2673 et
515 2633 679 2674 intente
712 2632 889 2673 foedera
925 2632 1041 2673 firma
1074 2639 1204 2673 tenet.

192 2702 362 2744 Excitat
394 2716 517 2744 omne
551 2703 721 2753 bonum,
755 2703 905 2753 firmat,
938 2703 1193 2753 moderatur,
1229 2704 1402 2756 alitque,

253 2772 451 2815 Oblectat
483 2781 663 2826 mentes,
698 2782 739 2815 et
772 2774 875 2816 facit
908 2788 1005 2816 esse
1039 2788 1176 2827 pares

196 2922 205 2942 ยน
235 2934 456 2959 assummere
482 2925 526 2959 A.
