1919 3273
467 266 520 306 Et
542 265 631 316 tibi,
667 278 793 318 quem
813 265 961 306 Paean
984 271 1126 307 vatem
1147 264 1447 318 medicumque
1469 265 1672 311 sacravit,

528 336 715 377 Comiter
747 342 953 390 acceptus
988 335 1276 390 Cuspinianus
1311 342 1430 386 erat3

468 407 585 448 Inter
618 413 660 448 et
693 408 772 448 hos
805 408 947 455 imum,
984 408 1178 461 quamvis
1210 408 1384 461 ignotus
1418 407 1472 449 ab
1505 408 1620 449 omni

526 478 653 519 Parte
688 478 811 530 foret,
845 479 946 520 Piso
980 480 1111 533 gestit
1143 479 1305 520 habere
1338 479 1492 530 locum,

467 549 562 591 Non
598 550 710 603 quia,
746 550 861 602 quod
893 551 1022 603 longe
1056 550 1135 591 fuit
1168 564 1193 590 a
1216 550 1413 604 sapiente
1446 557 1668 600 remotum,

526 621 594 661 Me
628 621 815 675 cuipiam
848 634 1060 676 praeceps
1093 621 1311 662 insinuare
1346 621 1435 671 tibi,

470 691 557 733 Sed
590 705 672 745 quo
706 693 776 734 vix
809 699 909 733 noto
943 698 1148 746 patronus
1183 692 1340 733 adesse
1375 692 1521 734 clienti

527 763 623 804 Non
657 763 920 816 dedigneris,
955 763 1117 818 pagina
1149 770 1296 805 nostra
1329 764 1449 818 petit.

468 834 562 876 Non
596 834 808 876 modicum
841 835 986 886 refert,
1022 835 1138 887 quali
1171 835 1249 876 sub
1283 834 1423 876 iudice
1456 835 1573 876 litem

529 906 732 957 Exerces,
768 919 927 947 causae
961 906 1110 959 quisve
1143 912 1350 960 patronus
1385 906 1477 947 erit.

948 1047 1190 1090 Distichon.

470 1144 607 1193 Quem
628 1144 704 1185 tibi
724 1157 800 1198 pro
825 1143 992 1185 modico
1015 1143 1125 1195 misi,
1158 1143 1447 1195 Fusemanne,
1469 1143 1660 1184 libellum

529 1215 732 1257 Munere:
766 1215 953 1256 iucunda
987 1214 1189 1268 conspice
1222 1214 1377 1265 fronte,
1411 1214 1586 1268 precor!

701 1437 861 1473 1a00bi
887 1436 1069 1473 Pisonis
1095 1436 1404 1483 Epigramma.
1421 1437 1432 1457 ¹

471 1547 535 1588 En
569 1548 717 1599 semel,
753 1561 806 1588 en
837 1547 1004 1595 iterum,
1038 1547 1175 1589 festos
1211 1555 1410 1601 spectare
1432 1547 1672 1601 triumphos

529 1619 564 1659 A
599 1618 772 1659 domina
803 1620 934 1660 misso
969 1619 1147 1672 contigit
1178 1619 1283 1660 urbe
1316 1619 1434 1670 mihi,

469 1690 587 1740 Quos
621 1690 675 1732 de
712 1690 952 1732 Sismaticis
984 1691 1077 1732 Rex
1109 1690 1386 1744 Sigismunde
1421 1690 1600 1731 tirannis

526 1762 710 1803 Diverso
745 1762 872 1815 egisti
905 1768 1112 1816 tempore,
1147 1768 1261 1803 sorte
1296 1761 1402 1816 pari.

466 1833 563 1874 Vidi
598 1847 679 1887 ego
715 1833 954 1875 Sarmatico
988 1840 1216 1887 superatos
1248 1834 1385 1874 Marte
1418 1832 1649 1884 Volachos,

529 1904 753 1958 Sacrilega
785 1904 944 1958 predas
978 1905 1087 1946 ultro
1120 1904 1281 1946 referre
1316 1918 1456 1956 manu⁷

466 1976 604 2029 Regia
637 1989 722 2028 qua
756 1977 891 2029 surgit
923 1977 1027 2017 nulli
1061 1989 1238 2017 cessura
1270 1976 1409 2017 labori

528 2046 781 2089 Cracoviam
816 2053 857 2089 et
890 2047 1046 2101 gelidis
1078 2048 1215 2088 Istula
1246 2047 1397 2088 lambit
1430 2047 1563 2100 aquis.

467 2119 588 2160 Tunc
611 2132 705 2159 cum
732 2118 1010 2160 Christicolas
1035 2119 1112 2160 sub
1138 2131 1343 2171 quernam
1364 2118 1496 2159 Iulius
1517 2117 1710 2158 umbram

527 2190 606 2231 Vix
640 2196 756 2231 tutas
790 2190 938 2241 caulis,
975 2196 1151 2243 cogeret
1183 2191 1294 2231 alter
1326 2202 1445 2241 oves,

467 2261 563 2303 Vidi
597 2275 678 2315 ego
711 2268 950 2303 tercentum
983 2275 1069 2303 non
1101 2261 1175 2304 vili
1208 2267 1435 2302 stemmate
1468 2260 1638 2301 Moscos

527 2333 681 2374 Vincta
713 2332 961 2386 triumphali
995 2332 1180 2374 subdere
1214 2332 1326 2374 colla
1358 2331 1471 2385 iugo.

441 2496 449 2515 ¹
482 2496 669 2535 „Carmina
690 2497 734 2531 de
762 2496 989 2531 memorabili
1016 2495 1106 2530 cede
1134 2494 1431 2529 Scismaticorum
1456 2494 1722 2529 Moscoviorum
1748 2505 1815 2538 per

320 2556 476 2590 serenis.
506 2566 548 2590 ac
574 2556 733 2590 Invietis.
760 2555 802 2589 D.
830 2555 1104 2600 Sigismundum
1130 2555 1269 2598 Regem
1296 2554 1448 2588 Polonie
1474 2564 1646 2598 magnum
1672 2554 1812 2588 Ducem

317 2615 483 2649 Lituanie
501 2628 506 2648 :
534 2615 666 2649 Russie
684 2628 689 2648 z
716 2615 884 2649 Prussie:
914 2614 1165 2657 Sarmatieque
1183 2614 1356 2657 Europee
1379 2613 1564 2647 dominum
1583 2615 1619 2648 et
1637 2613 1810 2647 heredem

319 2676 416 2719 apud
433 2686 513 2709 aras
529 2676 728 2710 Alexandri
747 2675 869 2718 magni
889 2678 1048 2718 peracta.
1062 2694 1105 2698 ——
1122 2674 1290 2717 Epistola
1308 2674 1349 2707 R.
1365 2674 1406 2707 D.
1423 2673 1473 2707 Io.
1490 2673 1535 2707 de
1550 2672 1672 2706 Lasko
1686 2671 1814 2706 Archi-

320 2734 487 2778 episcopi
515 2734 698 2769 Gnosnen.
728 2738 763 2768 et
788 2735 957 2768 Primatis
992 2734 1111 2778 Regni
1136 2733 1300 2767 Polonie.
1329 2733 1430 2767 Silua
1455 2732 1601 2767 Ioannis
1634 2731 1813 2766 Dantisoi.

319 2793 485 2838 Hymnus
518 2794 702 2828 Valentini
727 2794 820 2828 Ekii.
862 2793 961 2827 Silua
1001 2792 1253 2836 Christophori
1283 2791 1479 2826 Suchtenii.
1511 2790 1702 2835 Panegiris
1729 2789 1814 2824 Ber-

318 2853 422 2886 nardi
448 2853 648 2896 Uapouski.
678 2853 844 2896 Epistola
869 2852 1017 2887 Andree
1045 2851 1198 2886 Criczki.
1225 2852 1459 2896 Epigramma
1484 2849 1608 2885 Iacobi
1632 2849 1811 2884 Pisonis.“

320 2911 451 2946 (Roma
480 2914 607 2955 1515.).
