1919 3273
141 357 185 390 70

139 727 184 762 75

139 1099 186 1133 80

139 1491 184 1525 85

138 1863 183 1898 90

139 2236 183 2270 95

118 2608 186 2644 100

269 276 332 317 Te
367 287 534 328 quoque
567 274 734 328 Hybleo
767 273 938 315 Iuvenis
972 279 1219 328 peremptus

340 346 528 388 Nectare
560 345 741 396 infusus,
774 358 910 398 vagus
944 344 1044 386 orbe
1077 350 1165 386 toto

340 416 478 465 Sevus
510 417 552 457 in
586 416 739 458 castris
771 415 889 457 stetit
922 422 964 456 et
996 415 1183 469 potentis

400 486 603 528 Conditor
634 486 765 528 urbis.

267 576 455 630 Principi
487 581 606 617 tanto
641 575 723 616 dea
754 575 884 628 iunge
917 581 1031 624 vota,

340 646 476 697 Quem
511 647 655 688 colunt
682 652 803 687 atrox
834 646 996 687 Boreas
1031 651 1074 686 et
1104 646 1255 696 Eurus⁷

339 718 496 759 Auster
527 717 754 770 Hybernos
787 729 1014 758 revomens
1045 716 1212 757 furores

396 788 577 830 Nubilus
610 788 749 830 undis.

267 877 333 918 Tu
365 890 508 919 comes
542 877 703 918 sanctis
736 876 864 918 aditis
897 877 1095 929 honores,

338 948 391 989 Et
423 949 493 1002 pio
528 961 679 990 cernes
712 948 922 1001 hilarique
955 950 1074 990 vultu

339 1019 498 1069 Thura,
532 1032 697 1060 messes
731 1025 773 1060 et
807 1019 983 1061 Cilicum
1017 1019 1183 1062 Sabeas

400 1091 700 1144 Excipiesque.

267 1180 359 1222 Hec
392 1180 511 1222 dabit
543 1180 746 1234 princeps
780 1193 1017 1234 generosus
1051 1193 1138 1231 ore,

341 1250 434 1301 Quo
467 1251 605 1292 nitent
637 1265 724 1302 are,
758 1251 1030 1301 simulachra,
1063 1253 1236 1305 templa⁷

340 1321 433 1372 Quo
466 1322 569 1364 boni
600 1336 754 1374 mores,
800 1323 917 1376 viget
949 1330 1077 1376 atque
1110 1323 1256 1375 virtus,

398 1393 544 1435 Martis
578 1400 619 1435 et
652 1407 782 1435 arma.

268 1482 393 1524 Hunc
425 1489 541 1523 amat
573 1483 707 1524 nostri
738 1488 960 1537 reparator
993 1483 1074 1534 evi,

338 1553 462 1595 Hunc
494 1554 644 1595 timent
677 1554 840 1605 hostes,
873 1554 1005 1596 validi
1037 1561 1237 1596 verentur

338 1625 392 1665 Et
424 1624 571 1676 duces⁷
604 1638 746 1679 reges,
780 1625 1017 1678 reliquique
1050 1625 1227 1666 laudant

400 1695 552 1737 Castra
584 1702 830 1749 sequuntur.

269 1783 385 1825 Alter
416 1784 604 1826 imbutus
637 1785 769 1826 titulis
802 1785 906 1836 Iule,

340 1854 463 1896 Sorte
495 1862 582 1896 tam
615 1855 760 1897 fausta
792 1856 962 1908 genitus
994 1856 1169 1906 resulta,

338 1925 517 1968 Crescat
548 1927 591 1967 in
623 1940 764 1968 mores
797 1932 870 1968 tua
902 1927 990 1969 vita
1021 1927 1185 1980 priscos

399 1997 600 2039 Caesaris
634 2012 719 2040 oro.

267 2085 344 2127 Ille
378 2086 526 2128 dilexit
558 2088 733 2129 nimium
767 2087 994 2138 Camenas,

337 2157 505 2211 Agmen
540 2159 764 2212 amplexus
798 2158 993 2200 dominus
1026 2171 1240 2206 canorum,

339 2228 560 2270 Hactenus
593 2229 696 2271 vixit
728 2230 942 2283 periturus
974 2242 1173 2281 umquam

399 2299 595 2342 Carmine
628 2308 784 2342 vatum.

267 2387 411 2430 Nerva
442 2389 690 2431 Traianus‘.>
723 2390 836 2431 Nero
870 2388 972 2442 quid
1005 2387 1226 2429 disertus?

340 2457 504 2502 Obvius
538 2461 674 2503 sacris
707 2460 903 2513 quotiens
936 2459 1076 2513 poetis

338 2530 514 2573 Basium
547 2533 666 2574 vultu
698 2532 839 2573 fuerat
872 2543 1024 2572 sereno

400 2602 453 2643 Et
487 2602 619 2644 dabat
652 2616 738 2644 ore.

267 2690 344 2732 Hle
377 2692 479 2744 quid
510 2693 652 2733 lautus
684 2692 836 2734 melius
868 2689 1110 2732 Lucullus?

338 2762 459 2804 Fecit
491 2763 534 2804 in
566 2764 690 2804 terris
724 2763 874 2804 similis
906 2762 1087 2814 videtur,

338 2832 435 2876 Non
467 2834 569 2875 mihi
600 2835 751 2888 priscri
782 2832 825 2887 (1)
858 2833 1039 2875 recitant
1071 2838 1199 2886 poete

397 2905 692 2959 Hystorieque.

1471 129 1539 164 361
