1919 3273
184 566 226 599 75

180 918 225 952 80

179 1273 223 1307 85

178 1629 222 1664 90

177 1985 220 2018 95

164 2339 230 2374 100

164 2694 230 2728 105

292 269 541 324 Consumpti
572 270 742 324 pluteis,
775 270 973 324 iacetque
1006 273 1176 325 vallum,

293 340 457 392 Crates,
490 338 631 392 vinea,
666 354 759 382 cum
792 341 1071 395 falaricaque,

291 411 483 453 Testudo
517 413 659 453 subita
691 411 806 453 cadit
837 412 971 463 ruina,

291 482 605 536 Condensoque
637 483 784 536 vigent
817 496 965 524 cruore
998 484 1111 535 victi,

290 553 537 595 Certantum
569 554 736 595 cumulo
769 554 962 595 merebat
994 561 1115 596 actus

288 624 563 666 Vuladislaus
596 637 720 677 equo,
753 624 865 666 viros
899 630 940 665 et
972 638 1090 666 arma

289 695 508 737 Subducto
541 708 702 748 aggere
735 695 944 736 maximus
977 696 1189 739 trahebat.

286 766 427 807 Portis
459 766 595 807 arcuit
626 766 785 807 arduus
817 767 1015 808 cohortes

287 838 490 889 Hostiles,
525 837 719 891 clypeum
752 851 880 878 manu
914 851 1158 889 coruscans,

289 908 415 950 Solus
448 907 657 949 flumifere
690 914 832 949 tuetur
863 908 979 950 urbis

286 979 443 1031 Muros,
476 979 728 1033 belligerum
760 992 891 1021 nurus
923 980 1115 1031 adorant,

284 1050 493 1102 Infantes,
526 1051 718 1102 iuvenes,
751 1064 871 1104 puer,
905 1064 1131 1104 senesque.

287 1120 468 1163 Obsessi
500 1122 647 1175 populi
680 1128 866 1175 stupent,
901 1128 943 1162 ct
975 1135 1103 1162 unum

285 1192 400 1233 Inter
431 1192 546 1233 milia
579 1192 780 1234 dimicare
813 1198 946 1242 tanta,

286 1262 616 1316 Quassabatque
650 1263 801 1316 globos
833 1263 1001 1304 furente
1035 1264 1173 1305 Turco

286 1334 466 1388 Compto
499 1334 657 1376 murice
690 1334 930 1387 nobilisque
961 1335 1174 1389 princeps,

284 1406 559 1447 Vuladislaus
593 1419 702 1459 equo
735 1412 933 1447 revectus
966 1406 1067 1456 acri,

284 1478 446 1520 Rursus
480 1478 664 1519 classica
695 1483 970 1532 perstrepunt
1003 1483 1045 1518 et
1077 1491 1217 1529 auras,

284 1548 375 1590 Ictu
408 1549 723 1602 congeminant,
758 1549 872 1589 cient
903 1548 1071 1589 feroces

284 1620 473 1673 Pugnas,
508 1633 608 1661 aere
640 1626 811 1670 vocant,
844 1619 1043 1672 virosque
1077 1626 1205 1660 cantu

283 1690 537 1732 Accendunt
568 1690 722 1744 vigiles
755 1697 958 1743 utrasque
991 1695 1149 1743 partes.

282 1761 514 1815 Insurgunt
545 1762 717 1816 pariter,
752 1762 960 1814 simulque
994 1761 1188 1811 miscent,

283 1833 484 1874 Alternus
516 1838 704 1884 resonat,
737 1833 953 1886 gemitque
987 1833 1175 1886 clangor,

282 1904 469 1945 Dextras
502 1904 672 1957 agmine
706 1910 936 1945 conserunt
967 1909 1184 1957 parantes,

282 1975 490 2016 Virtutem
524 1975 743 2029 exagitare
777 1974 1027 2027 fortiusque,

283 2046 336 2087 Et
367 2046 591 2100 pulchrum
623 2052 860 2087 memorant
893 2046 996 2086 mori
1029 2045 1107 2087 sub
1131 2045 1272 2097 armis,

283 2116 443 2159 Omnes
474 2118 745 2171 precipitant,
779 2117 899 2158 dolos
931 2116 974 2157 in
1006 2116 1130 2157 hoste

281 2187 423 2229 Virtus
455 2188 620 2229 insidiis
654 2189 708 2229 sit
740 2201 795 2229 an
827 2187 1059 2240 requirunt,

280 2259 335 2300 Et
365 2259 431 2301 ius
462 2259 664 2301 iudicium
698 2259 778 2300 sibi
809 2258 1022 2299 ministrat

281 2318 586 2383 Unusquisque
620 2330 723 2372 facit
754 2330 877 2383 leges
908 2330 952 2370 in
985 2329 1125 2371 armis.

283 2401 462 2455 Strages
494 2401 659 2443 interea
690 2407 808 2454 tepet
840 2400 1083 2451 cadentum,

278 2472 458 2523 Instant,
492 2472 677 2526 eripiunt
707 2471 870 2526 pudore
902 2477 1037 2524 terga.

280 2543 344 2591 He
378 2543 475 2584 dum
509 2543 618 2585 forte
651 2548 817 2597 parant,
852 2555 926 2584 cos
958 2541 1136 2583 tenebat

280 2614 395 2655 Inter
425 2614 513 2656 tela
546 2620 665 2655 satus
697 2620 937 2668 potensque
970 2612 1184 2666 princeps,

279 2685 411 2735 Dixit,
444 2698 585 2726 nonne
618 2684 750 2738 pudet
782 2697 933 2725 manus
965 2684 1150 2724 inermes

279 2756 457 2797 Vestras
490 2756 712 2809 sanguinis
745 2755 1013 2807 hostiumque
1047 2753 1221 2795 habere.

279 2827 370 2868 Hec
403 2834 501 2868 sunt
532 2827 714 2881 primitie
746 2827 830 2868 mei
863 2824 1071 2866 sodales?

280 2898 393 2940 Fuso
426 2899 636 2952 sanguine
669 2897 831 2952 gaudet
862 2897 972 2938 inter
1002 2896 1097 2937 illos

1445 130 1515 165 371
