1955 3278
331 122 406 156 270

455 265 559 306 Cum
580 278 796 318 proceres,
831 273 919 306 tum
947 266 1038 307 Rex
1064 266 1224 320 pariter
1248 265 1491 318 dominique
1515 266 1707 308 Barones

331 346 403 381 770
513 336 744 387 Iusticiam‚
779 349 944 390 pacem7
980 344 1218 390 sanctaque
1252 337 1343 377 iura
1377 337 1531 378 colent.

452 407 596 460 Iurgia
629 407 875 459 cessabunt,
909 407 1020 458 lites7
1055 408 1318 460 fraudesque
1352 407 1582 461 malignae,

513 479 566 519 Et
599 478 753 531 vulgus
788 478 904 520 vivet
938 492 1031 520 cum
1066 479 1230 533 pietate
1264 478 1387 519 bona.

455 549 525 591 Sic
558 545 758 603 proceres
793 549 921 591 etiam
955 549 1155 591 concordi
1188 549 1364 591 foedere
1399 562 1568 603 semper

513 620 629 661 Inter
662 634 736 661 eos
769 620 841 662 fiet
876 635 959 675 pax
994 634 1113 662 amor
1149 628 1277 673 atque
1312 621 1443 674 quies.

332 702 403 736 775
456 692 733 745 Virtutesque
765 705 904 734 novae
938 692 1194 745 regnabunt,
1229 692 1425 746 phasque
1459 692 1674 746 piumque,

514 763 605 803 Pax
638 763 781 804 veniet
815 763 981 804 cunctis
1015 764 1233 804 associata
1267 763 1391 804 bonis

458 835 510 875 Et
544 834 634 875 Rex
666 835 709 875 in
743 834 883 888 patria
917 847 1095 875 securus
1130 834 1235 875 sede
1270 835 1463 887 quiescet

514 904 700 946 Edicens
734 905 904 959 populis
939 906 1099 959 optima
1132 906 1224 946 iura
1258 905 1357 946 suis.

454 976 572 1017 Illius
607 984 649 1018 et
682 976 862 1029 gemmis
896 977 1111 1030 praetoria
1145 983 1298 1018 cuncta
1332 977 1557 1023 nitescent,

332 1059 405 1094 780
515 1049 568 1090 Et
601 1048 682 1089 sibi
715 1048 948 1102 progenies
982 1049 1098 1089 clara
1133 1056 1355 1103 superstes
1390 1049 1480 1090 erit.

453 1120 562 1161 Nam
596 1120 729 1161 nostri
761 1120 927 1173 Regina
961 1121 1025 1161 sol
1058 1119 1110 1160 de
1144 1120 1264 1173 Rege
1298 1119 1478 1161 decoros

515 1191 731 1233 Producet
764 1191 920 1243 Reges,
955 1191 1251 1246 parturietque
1285 1204 1437 1232 mares.

455 1263 503 1304 In
537 1276 716 1315 quorum
749 1262 867 1303 vultu
901 1262 1189 1316 pulcherrima
1221 1261 1358 1303 fornia
1391 1262 1573 1304 nitescet

517 1334 684 1387 Quique
718 1341 870 1387 regent
903 1334 1038 1387 patris
1071 1347 1207 1387 regna
1241 1333 1427 1387 superba
1460 1333 1589 1375 senis.

340 1416 410 1451 785
461 1406 515 1447 Et
547 1420 644 1447 mea
676 1405 793 1446 fama
826 1405 997 1458 quidem
1031 1405 1212 1446 celebris
1246 1418 1485 1458 nomenque
1518 1404 1694 1458 vigebit,

523 1477 605 1528 Qui
640 1490 810 1531 semper
842 1477 974 1517 tristis
1007 1490 1118 1518 nunc
1152 1490 1249 1517 mea
1281 1476 1371 1517 fata
1404 1489 1542 1530 gemo.

462 1550 560 1604 Ipse
596 1562 747 1590 canam
782 1548 994 1601 siquidem
1027 1548 1194 1602 palmas
1228 1556 1269 1589 et
1302 1548 1430 1589 fortia
1463 1547 1602 1589 dicam

521 1620 733 1674 Principis
766 1620 963 1669 HuniacL
998 1620 1174 1674 praelia,
1209 1619 1337 1666 bella,
1371 1619 1522 1666 libens,

464 1692 559 1734 Non
592 1698 693 1733 tunc
727 1692 885 1733 curabo
919 1698 1065 1745 turpes
1097 1691 1293 1744 rubigine
1329 1690 1480 1731 dentes

341 1773 414 1808 790
526 1762 726 1805 Officium
760 1763 872 1804 vatis
906 1762 1097 1804 destruet
1130 1762 1346 1803 invidiam.

466 1834 512 1876 Si
544 1841 589 1875 tu
622 1834 731 1876 scire
766 1834 886 1880 velis,
922 1834 1015 1887 quis
1051 1847 1118 1874 me
1154 1847 1416 1887 cognoscere
1450 1833 1567 1880 fecit,

524 1906 608 1947 Aut
640 1905 863 1960 praedicta
896 1905 1013 1947 dedit
1048 1904 1236 1946 scribere
1270 1904 1386 1945 facta
1419 1904 1535 1955 mihi⁷

464 1978 584 2018 Haec
617 1977 719 2018 mihi
750 1977 931 2018 Martino
967 1984 1138 2018 saerata
1171 1976 1318 2030 lapsus
1353 1975 1406 2016 ab
1441 1989 1538 2017 arce

525 2048 743 2103 Interpres
777 2062 978 2102 superum
1010 2047 1266 2089 vaticinatus
1301 2056 1404 2088 erat.

342 2131 414 2165 795
466 2119 728 2161 Praedixere
753 2133 906 2161 novem
931 2117 1126 2172 quoquel
1148 2131 1242 2159 cum
1265 2118 1365 2159 love
1393 2118 1565 2159 numina
1589 2117 1738 2159 dextro

525 2192 577 2232 Et
613 2190 810 2232 Charites
843 2190 1003 2244 pariter
1035 2190 1195 2237 Pallas,
1229 2190 1395 2243 Apollo7
1432 2189 1575 2230 Ceres

464 2262 574 2304 Nam
607 2262 709 2315 vigil
743 2268 808 2304 est
842 2262 1009 2315 superis
1043 2261 1097 2302 de
1132 2261 1264 2302 sacris
1299 2274 1399 2302 cura
1431 2260 1585 2314 poetis,

526 2334 691 2375 Idcirco
724 2334 878 2375 faciles
911 2333 1089 2374 Vatibus
1124 2345 1220 2373 esse
1256 2332 1405 2373 solent.

1025 2450 1070 2491 F
1072 2451 1112 2492 ἐν
1122 2450 1167 2491 εἷς.

467 2650 481 2671 ²
510 2661 666 2695 que-que
694 2653 736 2687 A.
