1955 3278
357 142 423 175 15ss

357 292 485 337 stare,
520 291 690 340 poetam
725 291 876 325 natura
908 284 1004 337 ipsa
1036 284 1181 325 valere
1215 290 1257 324 et
1290 283 1443 324 mentis
1466 283 1626 324 viribus
1651 282 1842 334 excitari,

184 366 304 395 Poetae
357 364 399 398 et
432 357 554 410 quasi
588 356 730 397 divino
765 355 948 408 quodam
983 355 1131 409 spiritu
1164 354 1429 395 inflammari.
1473 354 1613 403 Quare
1645 366 1721 395 suo
1754 354 1844 395 iure

194 418 297 486 sanet}
323 470 329 475 ,
358 434 503 469 noster
534 427 606 468 ille
640 426 802 467 Ennius
836 433 1009 468 sanctos
1042 426 1233 480 appellat
1266 432 1431 479 poetus„
1467 424 1579 477 quod
1601 424 1723 478 quasi
1745 424 1843 466 deo-

154 473 340 507 nuncupdn’
358 513 448 539 rum
497 494 640 551 aliquo
691 498 802 539 dono
851 502 980 550 atque
1025 509 1198 537 munere
1244 495 1529 537 commendati
1576 495 1699 536 nobis
1747 508 1844 537 esse

356 568 623 611 videantur‘⁴.
671 568 807 609 Alibi:
860 568 985 618 „Mihi
1018 580 1117 608 vero
1151 580 1204 608 ne
1238 567 1346 607 haec
1392 566 1563 619 quidem
1598 566 1763 607 notiora
1804 574 1846 608 et

357 640 589 681 illustriora
634 652 780 680 carere
825 645 870 679 ut
915 639 1059 680 divina
1104 637 1314 687 videntur7
1361 644 1405 678 ut
1439 650 1519 691 ego
1553 645 1626 678 aut
1671 647 1845 691 poetam

358 724 488 765 grave
535 711 795 765 plenumque
842 723 1013 751 carmen
1059 709 1150 750 sine
1197 710 1374 751 coelesti
1410 709 1552 761 aliquo
1598 710 1752 750 mentis
1785 709 1845 749 in-

359 782 514 823 stinctu
558 787 704 835 putem
749 780 943 831 fundere,
989 786 1062 820 aut
1096 780 1384 832 eloquentiam
1430 780 1644 833 quandam
1680 780 1772 821 sine
1805 780 1847 821 vi

357 853 489 894 fluere
523 852 794 894 abundanter
827 851 1081 892 sonantibus
1114 851 1257 892 verbis
1292 851 1583 904 uberibusque
1607 851 1844 893 sententiis.

359 924 423 965 Ob
457 924 539 964 hoc
562 930 733 964 veteres
757 922 944 976 Apollini
968 921 1283 963 consecrabant
1305 922 1529 976 tripodem,
1566 936 1616 963 ex
1640 936 1722 975 quo
1743 922 1848 964 vati-

358 996 554 1037 cinantes
601 994 653 1035 de
700 993 866 1047 tripode
914 993 1029 1045 loqui
1076 992 1342 1035 dicebantur.
1392 994 1445 1034 Et
1477 993 1577 1035 inde
1623 994 1750 1035 etiam
1784 999 1850 1034 est

360 1067 473 1120 quod
507 1065 766 1107 testantibus
789 1064 1055 1117 gravissimis
1079 1064 1359 1118 philosophis,
1401 1065 1499 1106 olim
1520 1065 1679 1106 nullum
1713 1077 1850 1118 genus

360 1138 612 1192 scriptorum
656 1135 749 1185 fuit,
796 1134 910 1188 quod
954 1148 1033 1188 par
1064 1135 1202 1188 poetis
1236 1134 1328 1176 fieri
1372 1142 1541 1189 poterat
1573 1149 1653 1177 nec
1686 1135 1848 1189 magni-

184 1215 315 1246 Nullum
359 1209 505 1250 tudine
539 1207 825 1260 eloquentiae,
860 1219 940 1247 nec
975 1205 1198 1247 divinitate
1232 1207 1487 1261 sapientiae.
1535 1206 1658 1256 Quod
1693 1211 1849 1261 poetae

198 1277 299 1338 &enus
368 1280 491 1334 primi
535 1286 576 1320 et
620 1278 811 1331 theologi
855 1284 896 1318 et
941 1277 1161 1330 sapientes
1206 1277 1341 1319 habiti
1373 1278 1506 1328 fuere,
1546 1278 1776 1319 Aristotele
1810 1283 1853 1319 et

156 1325 542 1413 Ssssstffilthlatone
575 1349 849 1399 testantibus,
884 1348 984 1389 hinc
1017 1349 1155 1389 sancti
1179 1355 1220 1390 et
1241 1348 1386 1399 divini,
1420 1349 1521 1390 hinc
1546 1356 1692 1403 patres
1715 1348 1851 1390 omnis

193 1428 305 1465 poetis.
363 1422 540 1472 virtutis,
575 1421 673 1462 hinc
706 1420 906 1461 ductores
939 1419 1068 1460 totius
1102 1420 1342 1474 sapientiae
1366 1421 1599 1474 nuncupati
1623 1426 1732 1468 sunt,
1767 1432 1851 1460 non

363 1493 533 1546 quidem
568 1506 620 1533 ex
653 1492 737 1532 vini
771 1491 987 1545 mysterio,
1035 1491 1112 1532 sed
1146 1504 1198 1532 ex
1231 1492 1345 1532 vitae
1378 1492 1676 1545 temperantia.
1727 1490 1851 1533 Unde

363 1564 564 1606 divinitas
608 1563 705 1616 ipsa
738 1568 1020 1616 comparatur,
1068 1575 1120 1603 ex
1152 1562 1485 1617 intemperantia
1518 1569 1659 1603 autem
1694 1569 1736 1603 et
1768 1562 1854 1604 vini

363 1634 656 1689 superfluitate
704 1633 921 1674 dementia
965 1640 1007 1674 et
1038 1633 1219 1675 insania.
1271 1634 1390 1683 Quae
1425 1640 1467 1675 et
1498 1634 1541 1675 in
1573 1634 1775 1675 Aeschilo
1809 1631 1853 1687 (1)

362 1713 492 1760 poeta
523 1706 757 1746 temulento
790 1705 1057 1758 reprehensa
1088 1712 1178 1755 est3
1212 1705 1255 1745 in
1280 1718 1375 1745 eum
1399 1705 1511 1746 enim
1531 1705 1592 1746 ita
1615 1704 1853 1759 Sophocles

363 1778 570 1819 cavillans
616 1776 740 1817 dicit:
791 1775 825 1817 Ο
860 1776 1075 1827 Aeschile,
1123 1776 1157 1816 si
1192 1790 1244 1817 ea
1284 1789 1394 1828 quae
1436 1776 1696 1817 conveniunt
1730 1775 1853 1825 facis,

362 1863 446 1890 non
480 1855 623 1889 tamen
656 1847 902 1900 intelligens
936 1847 1057 1888 facis.
1108 1847 1228 1897 Quae
1261 1860 1341 1888 nec
1379 1848 1421 1887 in
1455 1847 1785 1888 Thimocreonte
1805 1844 1851 1901 (Ι)

363 1926 493 1975 poeta
515 1919 693 1960 laudata
716 1925 794 1960 est.
819 1919 895 1959 Ille
918 1918 1129 1971 siquidem
1154 1919 1282 1959 etiam
1306 1925 1404 1972 post
1432 1924 1611 1959 mortem
1635 1918 1687 1959 ob
1711 1917 1853 1959 vitium

363 1991 641 2033 temulantiae
686 1991 746 2031 ita
790 1990 1023 2031 infamatus
1069 1995 1146 2035 est,
1194 1989 1361 2031 habens
1400 1989 1480 2030 hoc
1514 1989 1780 2043 epigramma
1811 1989 1854 2029 in

364 2063 591 2117 sepulchro
608 2078 616 2103 :

541 2171 660 2208 Multa
682 2171 818 2214 libens,
844 2175 923 2206 tum
948 2169 1068 2206 multa
1090 2181 1243 2214 vorans,
1270 2169 1369 2206 male
1393 2168 1563 2216 (lenique
1587 2168 1720 2205 dicens

600 2241 742 2285 Multis,
776 2241 838 2278 hie
871 2242 1014 2288 tegitur
1047 2240 1307 2278 Thimocreon
1338 2239 1524 2277 Rhodius.

483 2360 564 2410 Qui
583 2360 616 2401 si
635 2366 805 2413 poetam
829 2359 1026 2411 aliquem,
1046 2364 1170 2412 prout
1187 2371 1324 2412 nuper
1340 2357 1614 2412 proposuisti,
1633 2357 1852 2397 nominare

364 2432 585 2473 nescivero
621 2437 867 2484 extempore
901 2430 943 2470 in
978 2442 1186 2483 praesens
1222 2429 1292 2481 qui
1328 2428 1563 2469 abstemius
1597 2427 1738 2477 fuerit,
1769 2440 1853 2467 non

363 2510 507 2544 tamen
541 2502 594 2543 ob
624 2501 667 2542 id
708 2500 942 2542 concedam
976 2513 1123 2541 omnes
1167 2500 1424 2540 temulentos
1462 2498 1597 2540 fuisse
1632 2504 1674 2539 et
1712 2497 1854 2538 omnia

365 2586 474 2626 quae
521 2578 851 2626 composuerunt
883 2585 959 2625 per
998 2571 1288 2612 temulentiam
1324 2570 1524 2611 edidisse.
1572 2569 1722 2621 Neque
1755 2567 1853 2609 ideo

198 2682 318 2711 Poetae
365 2657 503 2696 aquae
543 2649 859 2696 contemptores
893 2640 962 2695 (de
996 2642 1197 2682 extremis
1231 2642 1343 2682 enim
1376 2641 1499 2682 nobis
1527 2647 1743 2681 certamen
1773 2639 1854 2692 est)

184 2744 223 2763 ex
248 2710 332 2771 3qu
363 2714 517 2765 fuisse7
564 2720 609 2754 ut
654 2713 724 2765 qui
768 2726 845 2766 per
892 2726 1030 2765 aquae
1075 2712 1274 2753 virtutem
1319 2712 1461 2765 potius
1508 2725 1633 2763 quam
1680 2710 1766 2751 vini
1810 2715 1853 2750 et

164 2786 295 2844 1³¹·ml112}
318 2789 350 2816 et
366 2784 613 2826 facundiam
658 2784 951 2836 acquirebant,
999 2790 1040 2825 et
1075 2783 1247 2823 nomina
1291 2789 1511 2837 poetarum
1555 2781 1853 2822 sortiebantur.

162 2836 347 2867 f³‘³¹¹¹¹d¹²¹¹¹¹
367 2856 471 2905 Quis
496 2856 606 2896 enim
628 2855 736 2896 haec
757 2855 825 2896 vel
848 2868 899 2895 ex
922 2854 1066 2908 pueris
1091 2853 1292 2894 donatum
1314 2852 1606 2894 ediscentibus
1628 2865 1713 2892 non
1738 2851 1854 2892 now't

202 2890 279 2919 sorti
303 2906 312 2910 ·

197 2899 324 2971 bandis.
363 2927 508 2967 Musas
553 2923 745 2979 (quarum
791 2925 1046 2966 adminiculo
1080 2931 1121 2965 et
1154 2925 1325 2965 numine
1371 2930 1526 2978 poetae
1558 2923 1640 2977 ipsi
1681 2928 1778 2963 sunt
1811 2927 1852 2962 et
