1955 3278
377 122 445 157 280

377 267 582 319 religione
628 267 781 307 saltem
827 267 1038 308 communi
1066 266 1078 289 ¹
1130 273 1336 320 tanquam
1383 267 1436 308 de
1480 267 1664 310 anilibus
1711 268 1873 310 fabulis

378 338 657 380 sentiendum.
692 338 827 379 Totus
858 339 971 379 enim
1005 344 1214 380 terrarum
1239 338 1353 380 orbis
1375 352 1400 379 a
1423 338 1723 392 Peripateticis
1747 352 1869 382 occu-

377 416 503 464 patus
535 409 577 449 in
611 408 719 450 duas
752 409 976 463 plurimum
997 408 1012 431 ‘2
1046 409 1210 452 divisus
1245 416 1311 451 est
1345 417 1502 461 sectas,
1536 409 1870 452 Alexandrinam

378 486 420 522 et
451 480 736 522 Averroicam.
757 479 772 502 ³
803 480 869 521 Illi
902 479 1073 533 quidem
1111 481 1374 522 intellectum
1409 488 1600 522 nostrum
1635 494 1733 523 esse
1760 494 1868 523 mor-

377 552 507 593 talem
540 551 796 603 existimant,
830 551 874 592 hi
906 565 1006 594 vero
1040 552 1211 594 unicum
1246 565 1344 593 esse
1379 552 1656 594 contendunt.
1691 552 1870 606 Utrique

376 623 627 676 religionem
673 636 841 664 omnem
885 623 1077 665 funditus
1126 636 1263 676 aeque
1297 624 1463 666 tollunt.
1515 623 1561 665 Si
1595 624 1688 677 quis
1726 630 1869 665 autem

376 700 497 748 putet
529 700 616 735 tam
646 693 912 748 ,divulgatam
933 694 1231 748 impietatem4
1265 702 1437 748 tamque
1471 695 1642 736 acribus
1665 695 1870 736 munitam

375 766 573 820 ingeniis,
598 766 691 808 sola
714 766 897 818 quadam
922 765 1106 819 simplici
1131 765 1456 820 praedicatione
1479 766 1580 808 fidei
1601 766 1716 821 apud
1738 766 1871 808 homi·

377 850 454 879 nes
499 850 629 891 posse
672 837 819 888 deleri,
865 837 901 877 is
941 850 967 877 a
999 850 1100 878 vero
1139 837 1311 890 longius
1360 838 1559 879 aberrare
1579 837 1594 859 ·''¹
1639 838 1781 892 palam
1823 851 1869 880 re

376 908 472 962 ipsa
503 907 697 962 protinus
742 908 1032 949 convincetur.
1085 908 1234 949 Maiori
1281 908 1509 950 admodum
1555 909 1625 950 hic
1664 922 1772 963 opus
1806 915 1871 951 est

377 985 602 1034 potestate.
635 979 684 1020 Id
706 985 850 1020 autem
884 986 949 1020 est
981 979 1052 1021 vel
1083 979 1237 1021 divinis
1271 980 1487 1021 miraculis
1508 981 1665 1033 ubique
1686 980 1870 1035 patenti·

377 1051 470 1101 bus,
503 1051 572 1092 vel
606 1051 758 1092 saltem
790 1051 1094 1105 philosophica
1127 1051 1313 1104 quadam
1346 1051 1554 1105 religione
1594 1051 1871 1106 Philosophis

376 1122 473 1163 his⁶
506 1135 600 1163 eam
632 1122 835 1163 libentius
868 1121 1077 1163 audituris
1111 1122 1369 1175 quandoque
1405 1136 1675 1177 persuasura.
1720 1124 1869 1165 Placet

377 1200 520 1235 autem
554 1193 723 1235 divinae
756 1193 1055 1248 providentiae
1079 1194 1145 1236 his
1169 1195 1326 1236 seculis
1360 1195 1499 1248 ipsum
1522 1195 1741 1248 religionis
1765 1208 1871 1236 suae

377 1278 515 1319 genus
548 1264 802 1306 auctoritate
830 1265 1081 1318 rationeque
1104 1265 1408 1319 philosophica
1429 1265 1693 1317 confirmare,
1728 1265 1871 1319 quoad

378 1343 536 1379 statuto
570 1336 753 1390 quodam
786 1343 978 1391 tempore
1001 1337 1269 1379 verissimam
1292 1335 1305 1359 ⁷
1338 1337 1556 1391 religionis
1591 1338 1780 1391 speciem
1807 1339 1869 1391 (ut

377 1407 507 1449 olimS
552 1407 809 1461 quandoque
842 1406 962 1462 fecit)
1008 1408 1252 1450 manifestis
1284 1422 1363 1463 per
1396 1422 1543 1450 omnes
1579 1415 1733 1460 gentes
1767 1422 1869 1450 con—

376 1479 513 1521 firmet
545 1479 770 1521 miraculis.
806 1479 930 1529 Quod
961 1492 1062 1521 vero
1091 1486 1135 1521 tu
1154 1478 1169 1502 9
1201 1481 1336 1522 nostri
1369 1480 1494 1522 huius
1527 1480 1669 1534 operis
1693 1493 1868 1522 causam

374 1551 418 1592 in
450 1551 583 1593 fatum
616 1551 778 1593 referre
810 1552 960 1593 volens
995 1551 1048 1593 de
1082 1558 1229 1593 nostra
1262 1552 1415 1605 genesi
1448 1552 1642 1605 attigisti,
1688 1565 1773 1593 non
1806 1551 1868 1592 in-

374 1622 493 1665 ficior
537 1623 735 1676 equidem
779 1623 823 1664 in
867 1623 950 1665 hac
995 1623 1091 1678 ipsa
1136 1623 1273 1677 figura
1318 1623 1547 1664 Saturnum
1591 1624 1634 1664 in
1679 1623 1868 1676 Aquario

376 1693 682 1736 ascendentem
716 1700 758 1735 et
791 1693 935 1736 Solem
967 1694 1309 1748 Mercuriumque
1338 1695 1381 1735 in
1408 1708 1522 1736 nona
1541 1694 1570 1717 ¹0
1607 1694 1715 1735 coeli
1738 1694 1867 1749 plaga

376 1773 685 1820 aspectumque
717 1767 973 1820 reliquorum
1007 1766 1282 1808 Planetarum
1317 1767 1373 1808 ad
1398 1767 1537 1821 ipsam
1560 1779 1717 1808 nonam
1739 1765 1867 1819 signi-

375 1837 503 1880 ficare
536 1837 751 1879 hominem
782 1851 922 1879 rerum
955 1838 1226 1890 antiquarum
1248 1838 1556 1889 innovatorem,
1592 1837 1669 1879 sed
1693 1836 1868 1879 efficere

374 1922 500 1963 nego.
536 1910 600 1950 Tu
634 1922 803 1962 quoque
837 1909 872 1950 si
906 1908 1135 1962 epistolam
1171 1915 1359 1951 nostram
1394 1909 1448 1950 de
1487 1909 1708 1962 Magorum
1742 1908 1869 1950 stella

376 1988 418 2023 et
451 1981 631 2023 similem
662 1981 706 2022 in
740 1980 981 2035 Theologia
1014 1987 1160 2022 nostra
1193 1981 1544 2035 disputationem,
1579 1981 1681 2022 item
1710 1980 1869 2021 Plotini

374 2052 505 2095 libros
538 2053 621 2094 hac
652 2052 748 2106 ipsa
781 2051 835 2093 de
868 2066 913 2094 re
946 2058 1197 2104 tractantes,
1245 2066 1350 2106 quos
1384 2059 1427 2094 et
1459 2051 1740 2103 traduximus,
1775 2051 1862 2092 dili-

375 2124 626 2178 gentissime
658 2125 833 2178 legeris,
867 2124 997 2179 plane
1030 2124 1260 2176 intelliges,
1309 2123 1453 2165 officia
1484 2123 1645 2178 publici
1677 2123 1777 2164 boni
1811 2122 1867 2164 ad

375 2196 539 2237 animos
584 2196 856 2249 pertinentia,
903 2195 1152 2250 dependere
1199 2195 1369 2248 quidem
1416 2195 1647 2249 praecipue
1693 2194 1808 2236 velut
1841 2207 1867 2234 a

375 2267 669 2309 communibus
686 2267 919 2321 primisque
944 2266 1087 2308 causis
1106 2280 1132 2307 a
1149 2267 1347 2321 supernis
1371 2266 1585 2308 mentibus
1608 2266 1691 2307 Dei
1714 2264 1867 2306 summi

375 2338 577 2379 ministris
618 2338 832 2392 proficisci
877 2339 1005 2380 etiam
1052 2337 1364 2391 quodammodo
1411 2344 1614 2390 tanquam
1655 2350 1681 2378 a
1723 2336 1866 2378 causis

374 2409 556 2463 propriis
589 2415 717 2463 atque
750 2410 922 2461 ultimis,
956 2409 1010 2451 ab
1034 2409 1231 2450 humanis
1265 2409 1466 2459 consiliis,
1502 2408 1575 2450 ubi
1598 2421 1645 2449 se
1670 2407 1865 2462 superius

375 2480 668 2522 accomodant.
703 2480 945 2534 Significari
979 2486 1121 2522 autem
1145 2493 1169 2521 a
1192 2480 1340 2533 figuris
1363 2479 1634 2532 motibusque
1669 2477 1864 2520 caelesti-

374 2551 468 2603 bus,
492 2552 608 2594 velut
631 2551 867 2594 divinarum
890 2552 1094 2593 mentium
1117 2551 1425 2592 instrumentis.
1458 2550 1615 2592 Disces
1637 2555 1865 2605 praeterea

375 2622 522 2675 fatum,
555 2622 599 2664 id
620 2628 699 2674 est,
734 2623 984 2664 coelestium
1008 2622 1162 2663 seriem
1191 2635 1416 2663 causarum
1440 2621 1736 2675 providentiae
1761 2618 1865 2661 divi-

496 2797 505 2816 ¹
533 2797 662 2831 saltem
689 2798 873 2832 communi
898 2797 1071 2842 hianyzik
1086 2797 1227 2831 H-bau.
1279 2797 1291 2815 ²¹
1312 2797 1520 2841 plurimum
1537 2795 1711 2841 hianyzik
1730 2795 1864 2829 F-ben.

379 2857 392 2876 ³
417 2857 633 2892 Averoicam
670 2857 713 2891 F.
766 2857 778 2875 4
805 2858 942 2901 pietate
975 2858 1025 2892 H.
1078 2857 1090 2875 ⁵
1116 2858 1260 2892 aberrat
1292 2857 1340 2890 H.
1396 2856 1408 2874 ‘³
1434 2857 1490 2891 his
1521 2855 1695 2900 hianyzik
1730 2854 1863 2888 F-ben.

379 2916 390 2937 ⁷
417 2917 512 2952 veris
538 2916 697 2951 infimam
724 2917 773 2950 11.
825 2917 836 2935 ⁸
865 2917 960 2951 enim
988 2917 1035 2951 H.
1089 2917 1100 2935 ⁹
1128 2919 1166 2951 tu
1192 2917 1365 2961 hianyzik
1392 2916 1525 2951 F-ben.
1579 2915 1606 2935 ¹⁰
1632 2925 1727 2949 nova
1752 2914 1801 2948 H.
