1919 3273
122 258 165 291 65

121 981 164 1015 75

123 1360 167 1395 80

125 1741 168 1775 85

127 2109 170 2143 90

128 2478 171 2511 95

106 2847 172 2881 100

252 247 395 289 Sensit
427 246 508 289 hoe
542 247 703 289 Caesar
736 253 963 301 superatus
997 248 1082 290 oris

321 319 552 370 Pannonis,
585 331 742 372 magno
775 318 947 372 fugiens
980 319 1158 373 pudore7

321 390 488 438 Lauree
522 389 654 431 cessit
685 388 763 431 tibi
795 390 879 430 iam
912 391 1076 443 petenti

380 463 594 514 Armaque
627 474 806 502 currum.

249 532 377 573 Plura
411 532 511 585 quid
544 532 597 573 de
630 538 672 573 te
704 531 915 585 loquimur
945 533 1189 586 procaces?

320 603 507 644 Vocibus
540 616 672 656 quare
706 608 748 644 et
780 608 920 654 teneo,
954 617 1178 657 morerque

320 675 462 728 Digna
496 687 591 715 cum
623 675 754 715 tantis
787 686 999 727 nequeam
1031 675 1192 716 referre

378 745 599 787 Laudibus
633 759 846 798 umquam.

250 829 348 883 Ipse
381 841 462 870 nec
494 833 638 882 potest
669 828 788 870 Maro
821 829 1088 882 Tulliusque,

320 899 531 941 Hauriant
565 900 760 952 quamvis
792 900 1011 941 Heliconis
1045 913 1209 950 amnes7

319 971 398 1012 Vel
429 970 579 1012 bibant
611 977 724 1012 totos
758 971 1153 1024 Aganippedosque

380 1042 516 1083 Fonte
548 1041 747 1094 liquores.

249 1125 364 1178 Ergo
397 1138 510 1166 nunc
542 1125 665 1166 nobis
697 1125 841 1178 potius
874 1124 1103 1166 tacendum

320 1209 430 1250 Esse
463 1221 692 1261 cognosco,
725 1208 842 1250 rudis
874 1209 968 1263 ipse
1002 1222 1095 1250 cum
1129 1209 1221 1261 sini⁷

321 1280 374 1320 Et
406 1286 451 1320 tu
483 1293 595 1321 nune
628 1280 768 1320 clarus
801 1285 971 1321 veteres
1007 1279 1193 1329 Quirites

380 1350 539 1392 Imbuis
571 1351 711 1392 heros.

252 1434 416 1475 Nobilis
449 1434 649 1488 princeps
683 1434 855 1475 nimium
889 1448 1066 1476 serenus

323 1505 450 1546 Patre
483 1512 569 1546 tam
603 1506 717 1547 claro
751 1505 921 1558 genitus
953 1506 1127 1557 resulta,

323 1576 388 1617 Tu
422 1575 545 1617 dabis
580 1577 761 1631 supplex
797 1577 963 1630 superis
995 1576 1177 1630 pudicas

382 1648 528 1688 Thura
559 1661 812 1702 precesque.

254 1731 381 1772 Patre
414 1737 499 1772 tam
535 1731 649 1772 claro
682 1731 854 1784 genitus
887 1731 1063 1781 resulta,

325 1802 454 1844 Cuius
489 1803 684 1844 excelsos
716 1803 894 1843 imitaris
927 1808 1062 1853 actus,

324 1874 468 1927 Digna
498 1886 611 1914 nunc
643 1873 718 1914 tali
751 1873 922 1914 soboles
956 1879 1134 1926 parente

384 1945 440 1987 Ut
470 1945 659 1987 videare.

253 2029 403 2081 Tuque
436 2029 645 2069 Erithreis
678 2028 828 2069 merito
862 2028 1021 2081 lapillis

325 2100 448 2141 Hanc
481 2099 592 2141 diem
627 2100 772 2153 signes
805 2111 1015 2152 generose
1051 2098 1122 2145 fili,

326 2170 463 2220 Quam
495 2171 571 2212 tibi
603 2176 759 2212 nerunt
791 2168 834 2224 (1)
867 2171 991 2211 niveo
1025 2181 1175 2217 severe

385 2243 554 2284 Vellere
588 2243 722 2290 Parce

254 2325 388 2379 Regio
420 2326 552 2379 prolis
585 2326 717 2367 decus
752 2331 879 2377 atque
913 2337 1089 2377 germen

326 2396 466 2448 Adsis,
502 2403 543 2437 et
574 2397 696 2439 vivas
727 2396 823 2436 Pilii
857 2401 1088 2445 senectam,

326 2469 379 2509 Et
414 2468 610 2522 Sybillini
643 2481 821 2522 superes
853 2468 1008 2509 beatus

386 2540 581 2581 Pulveris
615 2553 764 2581 annos.

256 2624 439 2665 Maximo
473 2623 551 2665 sed
582 2624 667 2664 iam
700 2629 898 2677 superest
930 2621 1094 2663 tonanti

329 2695 500 2737 Gratias
533 2708 681 2736 omnes
716 2701 759 2735 ut
793 2707 972 2747 agamus
1005 2705 1104 2742 una⁷

327 2767 434 2807 Fata
466 2766 649 2820 predixit
683 2766 759 2807 tibi
793 2765 862 2818 qui
895 2765 1037 2805 futura

386 2838 547 2891 Inelyte
580 2836 794 2890 princeps.

1450 107 1521 141 351
