1898 3278
252 119 298 152 62

249 264 329 306 bus
351 263 656 316 anteponenda
680 276 740 309 es,
763 263 834 316 qui
865 263 1135 305 tardantibus
1168 263 1306 305 bobus
1326 264 1498 318 ipsimet
1525 264 1738 307 submisso

253 335 362 376 collo
395 341 618 388 parentem
652 347 772 375 suam
796 347 920 375 curru
953 335 1209 377 insidentem
1244 335 1298 376 ad
1330 335 1512 377 ι1111101115
1538 336 1740 390 templum

253 412 295 446 et
328 419 451 446 sacra
493 412 675 447 traxere.
727 405 869 454 Quare
903 419 1039 459 usque
1074 406 1184 447 adeo
1230 406 1263 447 F
1267 406 1503 448 erdinando
1542 407 1743 461 placuisti

254 476 376 531 patri,
423 483 467 517 ut
501 490 597 518 cum
629 483 671 518 te
705 477 761 518 ad
792 477 927 519 virum
962 477 1251 532 profecturum
1286 475 1379 531 [sic]
1419 476 1741 532 (profecturam)

254 561 307 588 ex
358 548 648 602 Neapolitana
701 561 800 589 arce
853 548 1113 602 spectaverit
1164 548 1488 590 deosculantem
1539 549 1742 603 parietes,

252 620 504 671 ianuasque,
540 625 581 659 et
614 619 896 672 triumphales
929 619 1134 660 maiorum
1167 619 1378 673 imagines
1411 620 1742 673 amplexantem,

254 703 357 744 prae
379 690 509 730 nimia
526 703 667 744 paene
686 690 895 731 charitate
916 690 1127 744 expiravit
1143 687 1428 745 (expiaverit),
1444 704 1525 733 nec
1544 691 1745 745 migranti

253 761 368 803 filiae
390 767 563 816 praeter
585 761 778 802 osculum
802 758 1057 814 (obsculum)
1082 762 1309 814 quicquam
1330 761 1522 816 proferre
1544 763 1742 816 potuerit,

254 846 306 873 ac
338 833 499 874 relatus
546 833 586 873 in
619 832 798 885 Regiam
843 832 915 874 vix
959 839 1226 873 caeterorum
1271 832 1500 874 liberorum
1543 834 1744 888 amplexu

254 904 453 954 refoveri,
478 903 547 945 vix
571 903 811 957 sapientum
836 903 1088 957 optimatum
1112 901 1294 944 consilio
1317 904 1572 958 resipiscere
1594 905 1744 959 potuit,

255 976 504 1016 exclamans
538 974 748 1015 Beatricis
777 974 895 1015 abitu
917 974 999 1016 sibi
1022 987 1192 1027 quoque
1219 975 1405 1016 animam
1431 982 1473 1016 et
1496 976 1745 1030 potissimas

255 1048 369 1088 vitae
404 1046 582 1088 delicias
616 1044 823 1099 (delitias)
857 1045 1030 1087 obiisse.
1065 1046 1170 1087 Item
1202 1047 1244 1087 in
1277 1047 1433 1088 fratres
1464 1053 1745 1101 caeterosque

255 1126 350 1159 tuos
385 1131 520 1171 usque
567 1117 677 1158 adeo
710 1118 795 1171 pia,
840 1123 886 1158 ut
918 1117 1023 1158 nihil
1068 1131 1256 1170 unquam
1289 1118 1343 1159 sit
1387 1118 1525 1159 visum
1557 1118 1745 1161 benevo-

255 1190 412 1231 lentius
447 1189 812 1242 (benivolentius).
858 1188 924 1229 Ad
957 1189 1219 1230 mentionem
1258 1189 1441 1231 nominis
1475 1196 1517 1231 et
1548 1190 1745 1231 victoria-

256 1274 345 1301 rum
380 1260 592 1314 Alphonsi
624 1258 822 1313 (Alfonsi)
856 1259 978 1301 ducis
1012 1260 1195 1311 exultas,
1242 1273 1365 1313 quem
1399 1260 1569 1301 unicum
1614 1260 1746 1302 habet

256 1332 408 1373 Italiae
433 1331 720 1383 defensorem,
744 1331 997 1373 bellatorem
1020 1331 1271 1372 acerrimum
1289 1332 1423 1373 nostri
1447 1331 1595 1383 seculi,
1620 1344 1746 1384 quem

258 1403 456 1444 Ecclesia
507 1403 701 1444 Romana
752 1402 1108 1457 Apostolicusque
1159 1410 1335 1444 senatus
1383 1410 1746 1457 propugnatorem

258 1487 449 1515 summae
495 1472 635 1525 (suum
669 1471 735 1527 ac)
784 1480 1034 1528 perpetuum
1083 1474 1379 1515 Ecclesiastici
1425 1474 1638 1515 exercitus
1670 1474 1745 1515 im-

257 1551 497 1599 peratorem
534 1546 674 1598 elegit.
710 1545 1090 1586 Commendatione
1110 1545 1317 1586 Friderici
1340 1545 1747 1595 (conmemoratione

257 1614 469 1669 Federici)
502 1616 712 1670 praefecti
743 1616 906 1669 Regiae
940 1616 1094 1657 classis
1117 1616 1348 1658 admodum
1372 1616 1625 1658 exhilararis
1659 1614 1746 1670 (ex-

257 1687 459 1737 ilararis).
507 1687 747 1729 Cardinalis
792 1687 1005 1728 modestia
1048 1694 1090 1728 et
1135 1687 1364 1729 sanctitate
1409 1687 1621 1741 gloriaris,
1666 1700 1747 1729 nec

258 1760 397 1800 minus
430 1759 650 1801 Francisci
682 1758 742 1799 tui
764 1758 1094 1800 mansuetudine
1125 1758 1292 1812 gaudes
1316 1765 1358 1800 et
1379 1758 1647 1810 affabilitate,
1677 1758 1749 1811 qui

259 1830 430 1883 quando
464 1831 506 1871 in
540 1837 612 1871 tuo
645 1830 808 1883 gremio
843 1836 883 1871 et
917 1829 1033 1883 apud
1078 1836 1194 1870 tuum
1234 1843 1381 1881 regem
1424 1829 1633 1870 educatus
1667 1836 1748 1881 est,

260 1901 427 1943 divinos
460 1901 680 1954 utriusque
714 1901 952 1942 maiestatis
985 1914 1125 1942 mores
1158 1900 1301 1942 refert.
1336 1900 1402 1941 Ad
1433 1900 1748 1942 illustrissimae

261 1973 483 2014 Leonorae
513 1972 669 2014 sororis
699 1973 959 2014 mentionem
988 1986 1092 2027 prae
1122 1972 1251 2014 nimio
1275 1973 1450 2026 pietatis
1484 1972 1643 2014 affectu
1665 1972 1750 2014 col-

259 2044 537 2097 lachrymasti
561 2041 927 2097 (collacrymosti).
958 2044 1115 2085 Contra
1143 2056 1245 2085 vero
1273 2043 1316 2084 111
1339 2056 1487 2084 omnes
1515 2042 1571 2084 ad
1592 2056 1750 2084 memo-

260 2116 366 2156 riam
399 2122 498 2157 tuae
532 2115 773 2157 maiestatis
807 2121 849 2156 et
880 2115 958 2157 viri
997 2115 1320 2169 praegestiente
1364 2114 1538 2155 laeticia
1582 2112 1750 2168 (letitia)

262 2187 556 2228 exhilarantur
587 2184 881 2241 (exilarantur)
916 2193 958 2227 et
991 2186 1215 2240 plaudunt,
1249 2191 1378 2238 atque
1412 2198 1497 2226 non
1521 2185 1657 2226 solum
1681 2198 1751 2226 ex-

262 2253 462 2308 clamant,
498 2258 576 2299 sed
609 2271 765 2300 nomen
798 2258 1019 2310 utriusque
1053 2263 1313 2299 venerantur
1347 2263 1388 2298 et
1422 2256 1614 2298 adorant.
1655 2255 1750 2305 Qua

262 2329 359 2380 fide,
394 2329 622 2383 prudentia
655 2329 877 2380 charitate,
913 2328 1197 2369 sanctimonia
1230 2335 1270 2368 et
1302 2327 1465 2381 ingenii
1495 2327 1750 2368 dexteritate

263 2414 359 2442 cum
393 2401 535 2442 divino
568 2401 657 2442 viro
690 2413 877 2451 versere,
912 2413 965 2441 ne
998 2400 1071 2441 illa
1093 2397 1214 2452 (ulla)
1242 2399 1414 2451 quidem
1447 2398 1683 2452 composite
1708 2404 1750 2438 et

263 2473 437 2526 copiose
472 2472 718 2524 eloquentia
751 2471 914 2512 dixerit.
948 2471 1054 2511 Nam
1090 2469 1262 2523 quando
1296 2470 1357 2510 tui
1390 2469 1569 2510 similem
1606 2468 1749 2510 divino

263 2543 441 2584 consilio
471 2543 582 2584 vitae
606 2543 890 2595 fortunaeque
922 2548 1162 2583 consortem
1193 2541 1345 2582 sortita
1373 2553 1433 2591 es,
1472 2553 1554 2593 quo
1577 2539 1750 2592 quidem

263 2614 379 2656 felici
412 2614 610 2667 coniugio
656 2612 903 2666 („quando“
938 2613 1250 2653 kozbeszu1·va.=
1297 2625 1381 2653 non
1414 2611 1550 2652 solum
1595 2610 1750 2652 utrius-

264 2699 345 2738 que
379 2686 614 2737 beatitudo,
650 2686 727 2727 sed
758 2686 910 2726 Italiae
948 2684 1084 2738 gloria
1118 2691 1159 2724 et
1191 2684 1444 2738 populorum
1476 2696 1528 2724 ac
1560 2682 1750 2736 gentium

263 2757 536 2798 incolumitas
566 2757 709 2807 oritur,
738 2757 844 2797 1111111
870 2768 1056 2808 unquam
1085 2755 1365 2806 coniunctius,
1395 2754 1501 2794 nihil
1524 2753 1750 2804 amantius,

265 2842 403 2881 neque
437 2828 690 2882 flagrantius
724 2841 923 2880 unquam.
