1898 3278
230 105 274 139 56

231 250 448 302 utriusque
494 249 767 304 Imperatoris
813 251 1039 304 exiguntur
1083 252 1280 293 induciae
1326 266 1379 294 ne
1425 253 1592 306 ingrat-o
1631 254 1717 296 otio

232 334 404 363 cessare
452 320 651 368 videaris,
700 321 871 373 quando
917 335 1041 363 nemo
1086 329 1127 363 te
1173 336 1359 376 unquam
1404 324 1575 378 impune
1614 325 1718 366 vidit

231 392 424 443 otiosum,
472 391 527 432 ad
561 392 822 433 excolendas
855 393 1053 447 politicas
1089 401 1204 435 artes
1238 395 1423 436 animum
1457 396 1716 437 convertisti.

230 463 282 503 Et
317 463 510 515 quamvis
543 462 609 503 his
644 463 806 505 artibus
839 463 938 505 belli
972 464 1178 518 pacisque
1214 473 1418 519 tempore,
1453 479 1579 519 quam
1612 480 1716 507 nun-

231 547 356 586 quam
390 534 576 575 fortasse
610 535 874 588 praelibasti,
910 536 1132 577 confectus
1166 537 1277 578 curis
1299 537 1463 579 animus
1487 544 1584 579 tuus
1607 538 1717 579 miri-

229 605 308 646 fice
330 612 608 655 recrearetur,
632 607 732 659 quia
754 607 808 647 ab
833 606 1102 648 aedificando
1126 621 1343 660 nunquam
1365 608 1576 650 desistere
1600 610 1717 651 visus

230 683 308 727 est,
355 690 465 718 nunc
512 685 654 718 tamen
687 678 756 719 vel
800 678 982 719 maxime
1016 678 1082 719 his
1128 680 1329 732 operibus
1368 680 1572 722 incumbit
1606 694 1716 733 quac

230 760 323 788 cum
351 748 604 801 antiquitate
629 748 863 797 decertent,
898 763 949 790 ne
975 750 1119 802 quain
1143 764 1187 791 re
1211 751 1270 790 illi
1297 751 1483 792 cessisse
1508 751 1715 794 videatur.

229 818 440 871 Disquiris
474 820 716 869 statuarios
765 821 969 873 plasticos
1002 821 1274 874 pictoresque
1314 823 1496 876 optimos
1529 823 1716 877 undique

229 891 392 931 accersi
436 891 584 941 iubes3
632 899 787 932 coeunt
820 892 1009 944 undique
1044 892 1214 946 topiarii
1249 894 1546 947 atriensesque
1578 895 1714 945 fabri;

228 961 487 1015 lapidicinae
510 962 742 1003 studiosius
761 976 887 1015 quam
911 963 1180 1005 aurifodinae
1205 972 1483 1017 quaeruntur;
1518 967 1715 1020 scalpun-

227 1038 296 1073 tur
327 1033 482 1085 ubique
516 1047 727 1075 marmora
760 1040 804 1075 ut
835 1035 1031 1075 maximis
1066 1036 1335 1078 satisfaciant
1357 1038 1572 1091 operibus.
1606 1038 1716 1079 Pan-

228 1104 398 1145 noniam
433 1104 531 1145 olim
558 1105 836 1146 barbarorum
861 1119 1018 1154 aream,
1051 1120 1102 1147 ac
1123 1107 1314 1160 gentium
1333 1107 1479 1149 ludum
1501 1109 1715 1161 undiquae

226 1175 547 1221 incursantium,
583 1177 622 1217 in
658 1190 742 1229 qua
773 1184 945 1231 praeter
971 1178 1250 1232 temporarios
1282 1191 1420 1233 pagos
1443 1180 1716 1221 vastationis-

228 1259 309 1298 que
334 1247 438 1287 nihil
460 1247 550 1288 fere
581 1261 756 1289 cernere
782 1255 886 1298 erat,
908 1254 970 1290 tot
990 1250 1224 1302 praeclaris
1252 1249 1460 1292 aedificiis
1485 1252 1714 1302 exornasti,

228 1323 273 1357 ut
295 1332 346 1359 ea
369 1318 511 1371 potius
545 1319 833 1360 destinatione
855 1320 1136 1371 aeternitatis,
1157 1317 1294 1372 ‘quam
1316 1322 1577 1375 temporaria
1598 1335 1716 1364 mora

228 1395 373 1430 erecta
407 1395 665 1443 spectentur.
700 1390 825 1444 Apud
858 1390 1145 1444 Vicegradum
1179 1404 1320 1433 arcem
1344 1405 1438 1433 611111
1471 1406 1568 1434 11116
1601 1393 1715 1434 aedi-

227 1459 378 1510 ficasti,
425 1467 598 1514 praeter
643 1475 769 1514 quam
813 1462 1039 1503 Danubius
1085 1462 1253 1514 defluit,
1299 1469 1418 1505 tanto
1465 1471 1635 1518 sumptu
1674 1471 1715 1505 61

226 1532 484 1573 amoenitate
518 1533 772 1586 praeditam,
801 1540 846 1574 ut
865 1533 1146 1575 Lucullanam
1170 1534 1313 1575 villam
1341 1547 1545 1589 superare
1568 1536 1713 1578 videa-

226 1608 302 1643 tur.
337 1603 578 1645 Distinctae
605 1610 702 1645 sunt
728 1605 786 1646 ibi
810 1605 924 1658 regis
946 1611 987 1645 et
1011 1606 1187 1658 reginae
1214 1606 1480 1657 mansiones3
1513 1606 1715 1648 distincta

227 1682 324 1715 sunt
339 1675 523 1716 triclinia
547 1676 829 1728 cubiculaque
852 1690 945 1717 cuni
970 1677 1229 1730 procestriis,
1255 1677 1405 1718 diurna
1429 1684 1470 1719 et
1488 1684 1713 1728 nocturna,

228 1746 482 1801 magnificae
502 1748 779 1788 coenationes
795 1748 1077 1800 collaqueatis
1094 1748 1487 1801 contignationibus
1509 1749 1714 1790 irradien—

225 1825 305 1860 tes.
330 1818 395 1859 Ad
414 1818 523 1859 haec
547 1825 724 1859 auratae
746 1819 934 1872 porticus
959 1826 1000 1859 et
1024 1819 1354 1860 amoenissimae
1378 1827 1500 1861 zetae
1519 1817 1585 1873 (z
1596 1820 1713 1861 diae-

225 1892 330 1942 tae),
348 1890 574 1930 marmorei
592 1889 734 1931 fontes
753 1903 910 1943 magno
931 1896 1100 1944 sumptu
1119 1891 1318 1941 absoluti,
1334 1893 1553 1933 fenestrae
1569 1905 1716 1946 super-

224 1962 428 2003 bissimae
463 1968 505 2002 et
526 1961 804 2013 cratefactae,
833 1961 1018 2003 iocunda
1041 1961 1361 2016 sphaeristeria,
1385 1963 1714 2004 munitissimae—

226 2046 307 2086 que
325 2034 485 2086 regalis
510 2047 645 2086 gazae
664 2033 920 2087 apothecae,
947 2034 1061 2074 elata
1083 2033 1184 2074 item
1203 2033 1445 2075 subdivalia
1466 2035 1714 2075 marmoreis

225 2111 376 2146 ornata
408 2104 611 2146 fontibus.
658 2104 808 2157 Neque
842 2105 951 2146 horti
997 2104 1153 2146 desunt
1187 2111 1228 2145 et
1260 2105 1360 2145 xisti
1393 2105 1515 2146 violis
1549 2105 1714 2147 odorati

225 2189 520 2228 amoenaeque
554 2176 821 2228 gestationes
856 2176 1025 2217 buxetis
1058 2175 1246 2228 undique
1280 2175 1609 2218 conviridantes.
1648 2176 1714 2218 Ad

224 2247 334 2288 haec
367 2247 614 2300 frigidariae
642 2254 771 2299 atque
795 2247 1042 2288 caldariael
1077 2247 1238 2297 cellae3
1272 2247 1374 2288 item
1401 2247 1714 2301 hypocaustum

226 2324 267 2359 et
300 2331 393 2359 cum
427 2318 648 2359 unctuario
681 2318 987 2372 baptisterium.
1033 2318 1275 2360 Nonnullae
1309 2318 1528 2360 zeteculae
1563 2332 1714 2372 specu-

224 2389 384 2431 laribus
431 2397 471 2430 et
516 2390 623 2431 velis
669 2389 882 2430 obductae
917 2395 1028 2441 sunt,
1075 2396 1116 2430 et
1158 2389 1313 2430 necubi
1358 2389 1523 2442 relligio
1557 2396 1712 2441 cesset,

225 2460 422 2502 aedicula
455 2460 738 2502 ornatissima.
773 2461 820 2501 In
854 2460 1068 2514 prelisque
1102 2460 1208 2500 locis
1240 2473 1478 2502 marmorea
1499 2466 1540 2501 et
1563 2467 1715 2501 aurata

224 2532 354 2585 podia
387 2532 639 2586 prominent,
674 2531 787 2572 unde
822 2532 908 2573 late
941 2531 1208 2585 prospectari
1230 2530 1343 2572 licet.
1377 2531 1425 2571 ln
1452 2531 1578 2572 villae
1599 2531 1713 2571 latus

224 2603 433 2656 regalium
478 2603 817 2657 amphibolarum
862 2601 1064 2656 gyneca'2
1110 2602 1326 2644 secedent.
1381 2602 1535 2643 Dictae
1581 2602 1713 2643 multo

225 2687 328 2715 auro
362 2680 621 2715 corruscant.
657 2674 704 2715 ln
737 2674 871 2715 hortis
905 2673 1138 2715 viridantes
1172 2682 1380 2727 perpetuo
1414 2686 1571 2714 scenae
1593 2679 1713 2714 tanto

224 2745 468 2786 laxamento
493 2743 767 2799 spatientes,'⁵
800 2752 845 2786 ut
868 2745 1089 2786 volenterii
1112 2744 1246 2786 vicem
1274 2750 1496 2798 praestare
1521 2750 1710 2797 possent.

345 2837 354 2857 ¹
383 2848 474 2881 ‹Jque
502 2838 637 2872 caldari
664 2849 685 2871 α
713 2838 832 2878 codex,
860 2841 897 2872 et
917 2838 1076 2872 caldaria
1103 2837 1262 2871 Morem.
1306 2837 1318 2855 ²
1346 2846 1534 2881 gynaecea
1553 2833 1712 2872 Mor-elli,

226 2897 400 2941 helyesaeue.
484 2897 687 2940 spatiantur
714 2897 871 2931 Morcllz'.
