1955 3278
1525 119 1591 152 149

109 264 338 318 plantaret,
383 263 560 316 primum
606 261 732 303 vinea
773 261 1065 316 supplantavit
1109 271 1151 302 et
1183 261 1238 303 ad
1271 261 1457 302 derisum
1499 275 1595 316 pro-
1608 271 1807 309 Noeprimus

109 336 293 389 priorum
326 334 506 375 filiorum
542 346 712 374 suorum
746 333 956 386 exposuit.
991 333 1067 372 Ille
1096 333 1220 381 enim,
1254 339 1298 373 ut
1322 332 1427 373 dixit
1446 332 1592 374 Hiero-
1629 376 1635 382 ,
1672 324 1736 353 ‘⁷³⁰³

108 418 274 459 nymus,
319 404 374 445 ad
407 404 530 445 unius
575 404 707 445 horae
743 403 995 444 ebrietatem
1037 403 1212 444 nudavit
1244 403 1468 445 femoralia
1501 417 1591 454 sua,
1629 378 1777 465 ’Ξῖἒξῒὲῗ

109 489 218 528 quae
263 489 340 529 per
373 480 601 516 sexcentos
636 486 772 514 annos
806 479 1068 515 contexerat.
1119 473 1261 514 Idem:
1305 474 1446 514 vinum
1480 473 1590 514 Loth
1603 479 1796 510 ebrietatem

109 545 251 587 divino
294 545 452 586 iudicio
496 551 558 585 tot
603 558 655 585 ex
690 544 875 585 millibus
921 544 1137 584 hominum
1178 544 1311 584 solum
1356 545 1511 585 iustum
1550 544 1592 585 in
1616 530 1783 614 (1313ng

108 616 350 657 horribilem
395 615 574 656 filiarum
619 614 902 668 praeciptavit
946 614 1198 663 incaestum,
1243 620 1282 655 et
1317 628 1411 655 eum
1447 628 1590 667 quem·
1787 607 1791 612 ’

108 687 337 728 admodum
384 686 532 727 extulit
576 685 842 739 Augustinus
876 699 1005 739 super
1038 684 1254 734 Genesim,
1300 685 1486 726 ebrietas
1520 686 1591 727 de·
1659 694 1742 725 Loth

109 758 221 812 cepit
253 771 304 798 ac
335 757 448 808 vicit,
483 770 608 809 quem
642 756 831 797 Sodoma
856 756 1056 810 decipere
1081 762 1123 797 et
1143 756 1313 797 vincere
1335 770 1418 797 non
1442 757 1590 809 potuit,
1622 757 1671 807 'ex
1698 747 1771 776 ‘⁷³00

108 830 240 870 uritur
271 829 342 869 ille
374 828 555 869 fiammis
588 828 823 875 mulierum,
870 840 994 880 quem
1028 827 1261 880 sulphurea
1304 826 1475 867 flamma
1509 840 1592 867 non
1622 803 1781 882 meffigm

108 900 272 941 urebat.
322 900 473 940 Vinum
519 899 654 939 Amon
699 898 872 939 fratrem
919 898 1247 952 primogenitum
1293 911 1387 939 cum
1421 905 1594 951 propter
1635 904 1762 935 filiabus

108 971 294 1012 violatae
329 970 484 1011 sororis
516 970 711 1010 iniuriam
734 969 867 1010 iratus
900 970 1090 1010 Absalon
1112 968 1292 1022 perdere
1317 969 1594 1019 decrevisset,
1621 957 1788 988 commisit.

107 1042 204 1083 vino
238 1055 413 1094 gravem
458 1041 583 1081 iussit
616 1040 809 1091 interfici,
856 1040 1051 1092 quamvis
1086 1046 1127 1081 et
1159 1040 1283 1080 aliter
1316 1047 1477 1093 posset,
1517 1039 1594 1080 sed

109 1112 169 1153 sic
202 1113 344 1153 vinum
377 1124 653 1165 possessores
700 1124 800 1152 suos
832 1111 983 1152 faciles
1030 1111 1208 1165 praebet
1241 1111 1421 1152 excidio.
1471 1110 1594 1160 Quod

109 1184 235 1224 etiam
268 1183 410 1223 Nabal
444 1183 683 1223 Carmelum
718 1196 821 1223 suae
856 1174 1290 1223 huic'imbecillitatis
1324 1188 1366 1222 et
1388 1182 1430 1222 in
1454 1181 1594 1222 David

106 1267 251 1307 regem
286 1254 584 1303 contumeliae,
618 1253 734 1294 1111110
767 1253 914 1306 regiae
947 1253 1175 1306 potestatis
1209 1253 1383 1294 oblitum
1418 1253 1460 1293 in
1494 1266 1591 1293 con-

107 1325 218 1366 vivio
252 1324 445 1366 detinuit.
497 1324 573 1366 Cui
604 1324 775 1365 iamiam
809 1338 920 1366 mors
954 1324 1071 1365 ebrio
1104 1324 1353 1375 immineret,
1394 1325 1474 1364 nisi
1507 1323 1592 1364 vini

108 1396 296 1449 periculo
330 1395 598 1450 providentia
622 1396 764 1436 uxoris
788 1395 1057 1437 occurrisset.
1092 1395 1244 1435 Vinum
1270 1408 1436 1447 quoque
1461 1395 1591 1435 maxi-

107 1480 199 1508 mos
233 1480 365 1521 saepe
399 1467 531 1508 duces
564 1467 808 1520 turpissime
843 1466 943 1508 vicit
977 1474 1018 1507 et
1055 1466 1244 1520 peremit.
1279 1466 1421 1507 Testis
1456 1473 1521 1506 est
1549 1466 1591 1506 in
1608 1481 1804 1512 Holofernes

108 1552 160 1579 ea
192 1544 314 1591 parte
347 1537 605 1579 Holofernes
638 1537 908 1591 Assyriorum
942 1537 1115 1583 militiae
1150 1538 1365 1591 princeps,
1400 1537 1469 1589 qui
1497 1550 1591 1578 cum
1633 1535 1776 1594 gentium

108 1609 339 1650 devicisset
372 1609 666 1651 universarum
698 1609 1010 1662 provinciarum
1035 1615 1075 1649 et
1096 1609 1260 1650 urbium
1295 1608 1443 1662 Syriae
1466 1621 1592 1661 reges
1615 1650 1634 1670 a
1654 1590 1785 1670 {Jiffgret

106 1687 211 1733 puta
243 1680 594 1734 Mesopotamiae,
632 1679 764 1721 Sodal
798 1687 840 1721 et
872 1680 1063 1733 Lybyae,
1103 1679 1275 1720 Ciliciae
1310 1686 1437 1732 atque
1480 1680 1591 1733 Apo·
1635 1692 1757 1723 femina

106 1764 240 1792 meae.
276 1752 330 1792 At
363 1751 532 1792 demum
566 1758 608 1792 et
641 1765 666 1791 a
692 1751 789 1792 vino
823 1751 1004 1792 vincitur
1036 1758 1077 1792 et
1100 1765 1126 1792 a
1147 1751 1334 1792 foemina
1368 1751 1591 1792 obtrunca-
1633 1746 1770 1775 vincitur

106 1829 184 1873 tur,
226 1823 324 1864 dum
369 1823 411 1863 in
457 1822 680 1864 obsidione
726 1823 954 1863 Bethuliae
1001 1823 1219 1863 civititatis
1265 1822 1399 1863 Israel
1442 1821 1589 1863 Judith
1615 1796 1794 1879 affigam

105 1893 384 1935 foeminarum
419 1893 604 1934 omnium
638 1894 957 1947 pudicissimam
992 1900 1033 1934 et
1066 1893 1238 1934 viduam
1272 1906 1412 1934 coram
1448 1906 1493 1934 se
1518 1892 1591 1933 ad-

106 1964 278 2005 ductum
311 1965 579 2006 inhonestius
614 1965 874 2013 adamasset,
909 1965 1081 2017 vinique
1103 1965 1156 2005 ob
1181 1965 1273 2005 01113
1303 1965 1590 2018 praesentiam

105 2041 269 2076 tantum
314 2035 509 2087 bibisset,
556 2042 759 2088 quantum
806 2042 933 2076 antea
966 2049 1193 2088 nunquam.
1241 2035 1429 2076 Videsne
1464 2049 1589 2087 quam

104 2113 226 2159 turpe
260 2107 326 2156 sit,
373 2114 418 2147 ut
451 2120 576 2159 quem
610 2120 694 2148 non
739 2107 869 2148 vincit
911 2107 1051 2157 homo,
1096 2107 1239 2147 vincat
1278 2106 1409 2148 libido
1444 2113 1485 2147 et
1519 2106 1590 2147 ob-

103 2184 250 2218 ruatur
280 2177 393 2228 vino,
427 2179 499 2230 qui
532 2191 616 2218 non
649 2179 831 2220 vincitur
862 2178 986 2218 ferro.
1034 2178 1087 2218 Et
1119 2191 1254 2231 penes
1289 2191 1413 2230 quem
1448 2178 1591 2231 palma

103 2247 231 2288 fuerit
272 2247 466 2289 vincatur
510 2261 535 2288 a
581 2248 706 2290 dolio.
764 2248 851 2289 Sed
897 2255 1048 2289 venter
1096 2261 1212 2290 mero
1258 2255 1462 2289 aestuans
1508 2249 1590 2289 cito

105 2317 333 2372 despumat
363 2319 407 2359 in
429 2319 661 2360 libidinem.
702 2319 749 2360 In
783 2320 882 2360 vino
911 2320 1021 2360 enim
1055 2320 1222 2360 luxuria
1250 2327 1328 2371 est,
1362 2320 1403 2360 in
1425 2320 1591 2360 luxuria
1657 2341 1719 2378 Qui

105 2389 316 2443 voluptas,
350 2389 392 2430 in
425 2391 645 2444 voluptate
674 2390 960 2444 impudicicia,
996 2397 1036 2431 et
1069 2391 1140 2443 qui
1174 2391 1410 2431 luxuriatur
1441 2391 1591 2432 vivens
1608 2392 1793 2424 luxuriatur

104 2466 292 2501 mortuus
326 2467 404 2512 est,
451 2461 522 2513 qui
554 2467 694 2502 autem
729 2461 964 2502 inebriatur
996 2469 1037 2501 01
1070 2468 1260 2502 mortuus
1307 2468 1349 2502 et
1382 2462 1588 2515 sepult-us.
1624 2455 1771 2528 1353th

103 2531 254 2571 Vinum
307 2531 454 2572 itidem
505 2532 903 2573 contumacissimas
949 2539 990 2573 et
1035 2532 1387 2573 bellicosissimas
1436 2539 1589 2585 gentes
1668 2553 1726 2580 est.

104 2602 298 2643 hostibus
332 2602 521 2655 tradidit,
566 2603 796 2656 iugumque
842 2610 1095 2644 recusantes
1127 2604 1169 2644 in
1204 2603 1389 2644 alienum
1423 2602 1589 2655 redegit

104 2672 334 2721 arbitrium,
366 2673 549 2715 invictos
584 2674 695 2715 enim
728 2674 820 2715 acie
855 2687 969 2715 mero
999 2674 1172 2715 domuit.
1208 2674 1315 2714 Nam
1339 2687 1436 2714 cum
1458 2673 1592 2726 Cyrus

106 2742 276 2796 Scythis
322 2743 480 2784 bellum
513 2744 729 2785 intulisset
766 2745 1006 2797 vadumque
1040 2744 1223 2785 fluminis
1263 2744 1417 2785 Araxis
1458 2752 1591 2785 trans-

102 2813 220 2863 isset,
255 2814 563 2866 aliquantulum
586 2815 827 2868 procedens
858 2822 999 2856 castra
1031 2822 1215 2856 metatus
1240 2823 1318 2866 est,
1354 2822 1396 2856 et
1417 2822 1591 2869 postera

103 2883 171 2925 die
205 2885 327 2936 quasi
365 2885 514 2927 timore
548 2887 770 2940 perculsus
804 2893 945 2928 castra
983 2887 1154 2940 fugiens
1189 2886 1390 2928 deseruit.
1436 2886 1588 2927 Vinum
