1919 3273
344 94 413 128 396

346 237 416 279 Ad
437 237 617 279 eumdem
639 236 785 278 divum
815 236 1111 279 Vuladislaum
1144 237 1303 293 Reyem
1333 236 1549 280 illustriss.
1579 236 1654 290 qui
1673 250 1836 290 semper

787 312 904 361 optat
933 308 1088 350 Ivlusas
1121 312 1159 350 et
1191 308 1396 350 earmina.

496 415 683 465 Qantum
717 416 795 456 erit
827 415 964 457 Aonio
995 421 1114 457 satur
1146 415 1227 457 hoe
1251 415 1517 469 epigramma
1537 416 1698 470 lepore,

554 487 724 528 Luserit
756 486 956 528 armifero
990 500 1083 528 eum
1117 486 1227 528 bene
1262 492 1385 528 casta
1417 486 1540 538 duce,

493 558 580 600 Iste
613 571 749 600 novos
783 558 931 612 elegos
964 559 1157 606 Romane¹
1190 558 1356 612 plectra
1388 558 1577 608 Minerve

555 629 736 684 Semper
768 635 881 681 avet,
914 636 1104 671 nostrum
1139 643 1243 684 sepe
1276 629 1520 682 frequentat
1552 643 1673 684 opus.

417 712 437 744 5
495 700 627 755 Optat
659 714 768 755 opus
800 701 988 742 numeris
1023 707 1207 753 eentum,
1242 700 1278 742 si
1310 701 1484 743 conscia
1517 701 1639 755 sylva

554 772 669 814 Mille
703 772 838 824 daret,
873 779 1050 826 cuperet
1082 779 1170 813 tam
1202 772 1340 826 magis
1373 772 1466 826 ipse
1501 786 1644 815 sonos.

493 844 585 886 Nec
618 844 690 898 pia
724 858 819 886 eum
852 843 1029 885 Phoebo
1063 850 1275 885 saturaret
1308 843 1433 885 turba
1464 850 1645 898 parente

554 915 783 967 Pindarus,
818 922 860 957 et
894 914 1068 968 Gorgon
1101 921 1270 956 corruat
1302 915 1404 956 inde
1437 916 1553 957 lieet.

494 987 697 1028 Attamen
731 992 772 1028 et
803 999 956 1029 versus
988 987 1109 1028 lusus
1143 986 1454 1040 epigrammata
1487 994 1639 1028 cantus

395 1069 439 1104 10
557 1058 738 1113 Semper
771 1064 812 1100 et
844 1058 944 1099 huie
976 1057 1070 1111 regi
1100 1057 1199 1099 fons
1231 1058 1472 1112 Aganyppe
1508 1058 1643 1100 dabis.

347 1249 420 1291 Ad
441 1249 622 1291 eundem
653 1247 798 1290 divum
821 1247 1119 1290 Vuladz'slamn
1138 1247 1370 1303 Hunyarie
1393 1251 1430 1289 et
1451 1246 1652 1289 Bohemie
1675 1247 1834 1304 Regem

555 1319 777 1373 potentiss.
805 1334 886 1373 quo
916 1319 1050 1361 Poeta
1070 1324 1193 1375 rogat
1217 1324 1264 1361 ut
1278 1319 1442 1373 poesim
1466 1318 1625 1375 dz'lz‘yat.

496 1429 747 1472 Vuladislae
781 1435 899 1471 tuum
934 1429 1060 1470 solita
1093 1429 1254 1484 pietate
1286 1435 1462 1483 poetam

558 1500 752 1555 Suscipe2
786 1515 885 1542 nam
919 1500 1090 1542 domino
1123 1501 1288 1554 plectra
1319 1501 1494 1554 plaeere
1527 1508 1661 1555 putat.

498 1572 698 1615 Carmina
732 1579 830 1614 sunt
864 1573 1059 1626 quamvis
1092 1569 1333 1625 (queritque
1363 1571 1502 1626 gloria
1529 1570 1682 1627 duleis)

555 1644 697 1686 Parva
728 1644 818 1697 tibi,
852 1644 1022 1698 magnis
1054 1644 1204 1685 laurea
1236 1649 1385 1685 nostra
1416 1651 1557 1686 vacat.

420 1727 440 1760 5
496 1717 667 1758 Ludere
700 1730 781 1758 1166
813 1717 932 1758 tenui
964 1728 1115 1758 versus
1148 1715 1378 1757 meditatur
1409 1729 1561 1767 avena,

558 1788 646 1830 Sed
679 1788 795 1842 eupit
829 1787 988 1829 andina
1021 1787 1209 1828 seribere
1242 1792 1369 1840 gesta
1402 1787 1517 1828 tuba.

495 1860 585 1902 Nos
618 1860 696 1901 tibi
730 1873 833 1901 cura
866 1872 1026 1911 sumus,
1061 1859 1180 1900 vives
1215 1858 1293 1900 sub
1326 1858 1514 1912 imagine
1538 1864 1699 1910 nostra,

555 1931 707 1973 Flavia
738 1937 937 1986 preterea
969 1937 1011 1972 te
1046 1943 1213 1984 quoque
1247 1930 1408 1984 templa
1440 1930 1595 1972 colent.

495 2003 660 2057 Inclyte
695 2002 929 2056 doctiloqui
961 2003 1158 2056 relegent
1189 2008 1263 2044 tua
1295 2002 1413 2043 faeta
1446 2002 1588 2043 Latini

396 2085 439 2120 10
555 2075 609 2116 Et
642 2075 788 2116 dicent
821 2087 994 2128 semper
1025 2074 1234 2115 Maximus
1267 2073 1338 2115 ille
1371 2072 1465 2115 fuit.

496 2146 776 2188 Vuladislaus
809 2146 934 2188 adest
967 2146 1083 2186 nullo
1116 2146 1330 2199 periturus
1363 2145 1407 2186 in
1442 2156 1536 2195 evo,

558 2217 652 2259 Stet
684 2230 849 2272 precor,
883 2217 939 2258 ad
972 2230 1152 2271 superos
1185 2217 1273 2258 vita
1304 2216 1508 2271 perennis
1542 2222 1624 2258 eat.

345 2410 417 2451 Ad
439 2409 621 2451 eundem
643 2407 789 2451 clivum
817 2406 1117 2449 Vuladz'slaum
1139 2405 1371 2461 Hunyarie
1399 2409 1436 2447 et
1458 2405 1658 2447 Bohemz'e
1680 2404 1839 2460 Reyem

339 2481 468 2535 pium
481 2479 668 2534 foelicem
682 2494 845 2533 semper
857 2478 1075 2531 invictum,
1093 2479 1297 2531 quomodo
1312 2492 1408 2519 eum
1426 2482 1566 2519 eastra
1583 2480 1835 2530 sequuntur,

535 2558 571 2595 et
600 2551 732 2595 Turci
746 2556 918 2605 parent,
944 2555 1061 2593 tanto
1083 2550 1174 2591 eius
1197 2549 1442 2591 Maiestatis
1464 2548 1652 2591 numini.

494 2660 584 2702 Iam
605 2660 734 2701 Turoi
757 2659 973 2701 dominum
996 2664 1192 2710 noscunt,
1217 2664 1260 2700 et
1283 2664 1426 2699 castra
1459 2663 1708 2709 sequuntur,

553 2731 687 2785 Inque
721 2731 875 2772 ducem
907 2730 1124 2784 proprium
1156 2728 1331 2770 flectere
1364 2735 1465 2770 vota
1503 2726 1689 2769 student.

497 2804 609 2845 Eece
641 2808 770 2844 ruunt
802 2802 960 2850 domite
993 2801 1182 2843 demisso
1215 2800 1378 2855 poplite
1412 2806 1580 2853 gentes,

553 2874 738 2929 Imperio
770 2879 925 2928 parent
958 2879 1000 2915 et
1031 2873 1104 2927 pia
1135 2873 1261 2914 turba
1292 2872 1400 2913 litat.
