<?xml version="1.0" encoding="UTF-8"?>
<!DOCTYPE html PUBLIC "-//W3C//DTD XHTML 1.0 Transitional//EN"
    "http://www.w3.org/TR/xhtml1/DTD/xhtml1-transitional.dtd">
<html xmlns="http://www.w3.org/1999/xhtml" xml:lang="en" lang="en">
 <head>
  <title>
</title>
<meta http-equiv="Content-Type" content="text/html;charset=utf-8" />
  <meta name='ocr-system' content='tesseract 3.04.00' />
  <meta name='ocr-capabilities' content='ocr_page ocr_carea ocr_par ocr_line ocrx_word'/>
</head>
<body>
  <div class='ocr_page' id='page_1' title='image "analectanovaadhi00beuoft_0511.png"; bbox 0 0 1919 3273; ppageno 0'>
   <div class='ocr_carea' id='block_1_1' title="bbox 1546 104 1619 138">
    <p class='ocr_par' dir='ltr' id='par_1_1' title="bbox 1546 104 1619 138">
     <span class='ocr_line' id='line_1_1' title="bbox 1546 104 1619 138; baseline 0 -1"><span class='ocrx_word' id='word_1_1' title='bbox 1546 104 1619 138; x_wconf 81' lang='lat'>459</span> 
     </span>
    </p>
   </div>
   <div class='ocr_carea' id='block_1_2' title="bbox 137 244 1627 868">
    <p class='ocr_par' dir='ltr' id='par_1_2' title="bbox 137 244 1627 868">
     <span class='ocr_line' id='line_1_2' title="bbox 138 244 1621 301; baseline 0.004 -16"><span class='ocrx_word' id='word_1_2' title='bbox 138 244 334 286; x_wconf 81' lang='lat' dir='ltr'>Athenae</span> <span class='ocrx_word' id='word_1_3' title='bbox 367 246 527 287; x_wconf 77' lang='lat' dir='ltr'>alterae</span> <span class='ocrx_word' id='word_1_4' title='bbox 561 247 772 301; x_wconf 90' lang='lat' dir='ltr'>splendet,</span> <span class='ocrx_word' id='word_1_5' title='bbox 819 247 1146 301; x_wconf 87' lang='lat' dir='ltr'>splendebitque</span> <span class='ocrx_word' id='word_1_6' title='bbox 1181 261 1278 290; x_wconf 81' lang='lat' dir='ltr'>mox</span> <span class='ocrx_word' id='word_1_7' title='bbox 1312 255 1354 290; x_wconf 90' lang='lat' dir='ltr'>et</span> <span class='ocrx_word' id='word_1_8' title='bbox 1387 249 1468 291; x_wconf 88' lang='grc'>1100</span> <span class='ocrx_word' id='word_1_9' title='bbox 1502 256 1621 291; x_wconf 85' lang='lat' dir='ltr'>tuum</span> 
     </span>
     <span class='ocr_line' id='line_1_3' title="bbox 138 316 1621 371; baseline 0.004 -15"><span class='ocrx_word' id='word_1_10' title='bbox 138 316 388 367; x_wconf 89' lang='lat' dir='ltr'>institutum,</span> <span class='ocrx_word' id='word_1_11' title='bbox 413 317 532 358; x_wconf 92' lang='lat' dir='ltr'>cuius</span> <span class='ocrx_word' id='word_1_12' title='bbox 556 317 883 371; x_wconf 88' lang='lat' dir='ltr'>pulcherrimum</span> <span class='ocrx_word' id='word_1_13' title='bbox 917 325 1209 360; x_wconf 76' lang='lat' dir='ltr'>ornamentum</span> <span class='ocrx_word' id='word_1_14' title='bbox 1235 333 1389 361; x_wconf 90' lang='lat' dir='ltr'>nomen</span> <span class='ocrx_word' id='word_1_15' title='bbox 1412 326 1527 362; x_wconf 90' lang='lat' dir='ltr'>tuum</span> <span class='ocrx_word' id='word_1_16' title='bbox 1550 334 1621 362; x_wconf 83' lang='lat' dir='ltr'>ex-</span> 
     </span>
     <span class='ocr_line' id='line_1_4' title="bbox 140 387 1621 444; baseline 0.003 -15"><span class='ocrx_word' id='word_1_17' title='bbox 140 388 300 429; x_wconf 87' lang='lat' dir='ltr'>celsum</span> <span class='ocrx_word' id='word_1_18' title='bbox 325 387 415 429; x_wconf 86' lang='lat' dir='ltr'>erit.</span> <span class='ocrx_word' id='word_1_19' title='bbox 439 387 592 428; x_wconf 78' lang='lat' dir='ltr'>Veniet</span> <span class='ocrx_word' id='word_1_20' title='bbox 614 388 717 429; x_wconf 79' lang='lat' dir='ltr'>felix</span> <span class='ocrx_word' id='word_1_21' title='bbox 735 388 806 429; x_wconf 93' lang='lat' dir='ltr'>ille</span> <span class='ocrx_word' id='word_1_22' title='bbox 841 388 913 441; x_wconf 86' lang='lat' dir='ltr'>qui</span> <span class='ocrx_word' id='word_1_23' title='bbox 935 395 1008 430; x_wconf 89' lang='lat' dir='ltr'>tua</span> <span class='ocrx_word' id='word_1_24' title='bbox 1030 403 1133 443; x_wconf 79' lang='lat' dir='ltr'>erga</span> <span class='ocrx_word' id='word_1_25' title='bbox 1155 390 1301 431; x_wconf 81' lang='lat' dir='ltr'>Musas</span> <span class='ocrx_word' id='word_1_26' title='bbox 1323 391 1515 444; x_wconf 84' lang='lat' dir='ltr'>ingentia</span> <span class='ocrx_word' id='word_1_27' title='bbox 1538 405 1621 432; x_wconf 91' lang='lat' dir='ltr'>me-</span> 
     </span>
     <span class='ocr_line' id='line_1_5' title="bbox 137 457 1625 515; baseline 0.003 -17"><span class='ocrx_word' id='word_1_28' title='bbox 137 458 219 498; x_wconf 88' lang='lat' dir='ltr'>irta</span> <span class='ocrx_word' id='word_1_29' title='bbox 236 458 397 499; x_wconf 90' lang='lat' dir='ltr'>meritis</span> <span class='ocrx_word' id='word_1_30' title='bbox 415 457 614 499; x_wconf 83' lang='lat' dir='ltr'>laudibus</span> <span class='ocrx_word' id='word_1_31' title='bbox 633 459 808 500; x_wconf 76' lang='lat' dir='ltr'>extollet</span> <span class='ocrx_word' id='word_1_32' title='bbox 826 472 1019 513; x_wconf 89' lang='lat' dir='ltr'>opusque</span> <span class='ocrx_word' id='word_1_33' title='bbox 1037 473 1157 501; x_wconf 90' lang='lat' dir='ltr'>suum</span> <span class='ocrx_word' id='word_1_34' title='bbox 1177 462 1479 515; x_wconf 83' lang='lat' dir='ltr'>augustissimo</span> <span class='ocrx_word' id='word_1_35' title='bbox 1494 462 1625 515; x_wconf 79' lang='lat' dir='ltr'>genio</span> 
     </span>
     <span class='ocr_line' id='line_1_6' title="bbox 139 528 1626 584; baseline 0.003 -15"><span class='ocrx_word' id='word_1_36' title='bbox 139 534 210 570; x_wconf 89' lang='lat' dir='ltr'>tuo</span> <span class='ocrx_word' id='word_1_37' title='bbox 234 528 464 570; x_wconf 80' lang='lat' dir='ltr'>dedicabit.</span> <span class='ocrx_word' id='word_1_38' title='bbox 500 528 655 582; x_wconf 83' lang='lat' dir='ltr'>Opera,</span> <span class='ocrx_word' id='word_1_39' title='bbox 692 543 800 582; x_wconf 91' lang='lat' dir='ltr'>quae</span> <span class='ocrx_word' id='word_1_40' title='bbox 834 530 903 571; x_wconf 92' lang='grc'>1110</span> <span class='ocrx_word' id='word_1_41' title='bbox 931 532 1097 572; x_wconf 77' lang='lat' dir='ltr'>exarari</span> <span class='ocrx_word' id='word_1_42' title='bbox 1135 532 1361 584; x_wconf 79' lang='lat' dir='ltr'>mandasti,</span> <span class='ocrx_word' id='word_1_43' title='bbox 1397 533 1554 574; x_wconf 89' lang='lat' dir='ltr'>curabo</span> <span class='ocrx_word' id='word_1_44' title='bbox 1577 539 1626 574; x_wconf 86' lang='lat' dir='ltr'>ut</span> 
     </span>
     <span class='ocr_line' id='line_1_7' title="bbox 138 600 1624 657; baseline 0.003 -17"><span class='ocrx_word' id='word_1_45' title='bbox 138 600 215 641; x_wconf 89' lang='lat' dir='ltr'>tibi</span> <span class='ocrx_word' id='word_1_46' title='bbox 234 612 331 640; x_wconf 82' lang='grc' dir='ltr'>111οΧ</span> <span class='ocrx_word' id='word_1_47' title='bbox 354 600 528 640; x_wconf 89' lang='lat' dir='ltr'>mittam.</span> <span class='ocrx_word' id='word_1_48' title='bbox 564 600 753 641; x_wconf 76' lang='lat' dir='ltr'>Exarata</span> <span class='ocrx_word' id='word_1_49' title='bbox 774 606 888 642; x_wconf 87' lang='lat' dir='ltr'>sunt:</span> <span class='ocrx_word' id='word_1_50' title='bbox 917 600 1144 643; x_wconf 80' lang='lat' dir='ltr'>Aeschinis</span> <span class='ocrx_word' id='word_1_51' title='bbox 1170 603 1399 655; x_wconf 86' lang='lat' dir='ltr'>orationes,</span> <span class='ocrx_word' id='word_1_52' title='bbox 1419 603 1624 657; x_wconf 80' lang='lat' dir='ltr'>Aeschyli</span> 
     </span>
     <span class='ocr_line' id='line_1_8' title="bbox 138 670 1627 728; baseline 0.003 -17"><span class='ocrx_word' id='word_1_53' title='bbox 138 670 409 724; x_wconf 80' lang='lat' dir='ltr'>Tragoediae</span> <span class='ocrx_word' id='word_1_54' title='bbox 456 684 478 711; x_wconf 94' lang='lat' dir='ltr'>e</span> <span class='ocrx_word' id='word_1_55' title='bbox 526 670 683 713; x_wconf 83' lang='lat' dir='ltr'>Codice</span> <span class='ocrx_word' id='word_1_56' title='bbox 734 672 1104 726; x_wconf 86' lang='lat' dir='ltr'>Constantinopoli</span> <span class='ocrx_word' id='word_1_57' title='bbox 1151 681 1313 728; x_wconf 88' lang='lat' dir='ltr'>empto,</span> <span class='ocrx_word' id='word_1_58' title='bbox 1358 675 1525 715; x_wconf 90' lang='lat' dir='ltr'>Arriani</span> <span class='ocrx_word' id='word_1_59' title='bbox 1570 674 1627 716; x_wconf 90' lang='lat' dir='ltr'>de</span> 
     </span>
     <span class='ocr_line' id='line_1_9' title="bbox 139 741 1624 798; baseline 0.003 -15"><span class='ocrx_word' id='word_1_60' title='bbox 139 742 410 795; x_wconf 78' lang='lat' dir='ltr'>expeditione</span> <span class='ocrx_word' id='word_1_61' title='bbox 439 741 684 793; x_wconf 75' lang='lat' dir='ltr'>Alexandri,</span> <span class='ocrx_word' id='word_1_62' title='bbox 721 742 936 784; x_wconf 85' lang='lat' dir='ltr'>Ciceronis</span> <span class='ocrx_word' id='word_1_63' title='bbox 965 743 1135 795; x_wconf 91' lang='lat' dir='ltr'>Brutus,</span> <span class='ocrx_word' id='word_1_64' title='bbox 1168 744 1294 785; x_wconf 89' lang='lat' dir='ltr'>Plinii</span> <span class='ocrx_word' id='word_1_65' title='bbox 1315 745 1624 798; x_wconf 82' lang='lat' dir='ltr'>Panegyricus.</span> 
     </span>
     <span class='ocr_line' id='line_1_10' title="bbox 141 812 1624 868; baseline 0.002 -14"><span class='ocrx_word' id='word_1_66' title='bbox 141 812 360 866; x_wconf 85' lang='lat' dir='ltr'>Scriptura</span> <span class='ocrx_word' id='word_1_67' title='bbox 392 813 570 866; x_wconf 83' lang='lat' dir='ltr'>elegans</span> <span class='ocrx_word' id='word_1_68' title='bbox 603 819 681 865; x_wconf 89' lang='lat' dir='ltr'>est,</span> <span class='ocrx_word' id='word_1_69' title='bbox 716 813 947 866; x_wconf 85' lang='lat' dir='ltr'>scriptores</span> <span class='ocrx_word' id='word_1_70' title='bbox 980 814 1097 868; x_wconf 92' lang='lat' dir='ltr'>ipsos</span> <span class='ocrx_word' id='word_1_71' title='bbox 1130 828 1215 856; x_wconf 83' lang='lat' dir='ltr'>non</span> <span class='ocrx_word' id='word_1_72' title='bbox 1247 815 1421 868; x_wconf 76' lang='lat' dir='ltr'>ignaros</span> <span class='ocrx_word' id='word_1_73' title='bbox 1450 829 1624 858; x_wconf 80' lang='lat' dir='ltr'>censeo.</span> 
     </span>
    </p>
   </div>
   <div class='ocr_carea' id='block_1_3' title="bbox 776 920 985 924">
    <p class='ocr_par' dir='ltr' id='par_1_3' title="bbox 776 920 985 924">
     <span class='ocr_line' id='line_1_11' title="bbox 776 920 985 924; baseline 0 0"><span class='ocrx_word' id='word_1_74' title='bbox 776 920 985 924; x_wconf 95' lang='lat' dir='ltr'> </span> 
     </span>
    </p>
   </div>
   <div class='ocr_carea' id='block_1_4' title="bbox 139 996 1627 1296">
    <p class='ocr_par' dir='ltr' id='par_1_4' title="bbox 140 996 1626 1048">
     <span class='ocr_line' id='line_1_12' title="bbox 140 996 1626 1048; baseline 0.003 -15"><span class='ocrx_word' id='word_1_75' title='bbox 140 997 298 1034; x_wconf 78' lang='lat' dir='ltr'>Sancti</span> <span class='ocrx_word' id='word_1_76' title='bbox 331 996 494 1044; x_wconf 82' lang='lat' dir='ltr'>Cyrilli</span> <span class='ocrx_word' id='word_1_77' title='bbox 527 998 881 1045; x_wconf 83' lang='lat' dir='ltr'>Archiepiscopi</span> <span class='ocrx_word' id='word_1_78' title='bbox 915 999 970 1035; x_wconf 92' lang='lat' dir='ltr'>de</span> <span class='ocrx_word' id='word_1_79' title='bbox 1002 1000 1203 1036; x_wconf 82' lang='lat' dir='ltr'>Animae</span> <span class='ocrx_word' id='word_1_80' title='bbox 1231 1001 1434 1045; x_wconf 83' lang='lat' dir='ltr'>decessu,</span> <span class='ocrx_word' id='word_1_81' title='bbox 1477 1001 1626 1048; x_wconf 82' lang='lat' dir='ltr'>deque</span> 
     </span>
    </p>

    <p class='ocr_par' dir='ltr' id='par_1_5' title="bbox 141 1063 1623 1113">
     <span class='ocr_line' id='line_1_13' title="bbox 141 1063 1623 1113; baseline 0.003 -14"><span class='ocrx_word' id='word_1_82' title='bbox 141 1063 240 1100; x_wconf 91' lang='lat' dir='ltr'>eius</span> <span class='ocrx_word' id='word_1_83' title='bbox 266 1063 366 1101; x_wconf 84' lang='lat' dir='ltr'>vita</span> <span class='ocrx_word' id='word_1_84' title='bbox 394 1064 545 1100; x_wconf 91' lang='lat' dir='ltr'>altera</span> <span class='ocrx_word' id='word_1_85' title='bbox 573 1064 739 1100; x_wconf 86' lang='lat' dir='ltr'>Sermo.</span> <span class='ocrx_word' id='word_1_86' title='bbox 768 1064 812 1100; x_wconf 85' lang='lat' dir='ltr'>G.</span> <span class='ocrx_word' id='word_1_87' title='bbox 840 1064 1009 1101; x_wconf 84' lang='lat' dir='ltr'>Ursino</span> <span class='ocrx_word' id='word_1_88' title='bbox 1037 1065 1167 1101; x_wconf 89' lang='lat' dir='ltr'>Velio</span> <span class='ocrx_word' id='word_1_89' title='bbox 1195 1065 1460 1113; x_wconf 79' lang='lat' dir='ltr'>interprete.</span> <span class='ocrx_word' id='word_1_90' title='bbox 1492 1067 1623 1103; x_wconf 84' lang='lat' dir='ltr'>Eius-</span> 
     </span>
    </p>

    <p class='ocr_par' dir='ltr' id='par_1_6' title="bbox 140 1127 1627 1176">
     <span class='ocr_line' id='line_1_14' title="bbox 140 1127 1627 1176; baseline 0.003 -12"><span class='ocrx_word' id='word_1_91' title='bbox 140 1129 244 1164; x_wconf 85' lang='lat' dir='ltr'>dem</span> <span class='ocrx_word' id='word_1_92' title='bbox 282 1127 443 1165; x_wconf 84' lang='lat' dir='ltr'>Ursini</span> <span class='ocrx_word' id='word_1_93' title='bbox 481 1128 646 1165; x_wconf 83' lang='lat' dir='ltr'>Tomos</span> <span class='ocrx_word' id='word_1_94' title='bbox 681 1128 866 1176; x_wconf 85' lang='lat' dir='ltr'>quidam</span> <span class='ocrx_word' id='word_1_95' title='bbox 898 1130 1144 1176; x_wconf 84' lang='lat' dir='ltr'>Evangelii</span> <span class='ocrx_word' id='word_1_96' title='bbox 1177 1131 1357 1168; x_wconf 85' lang='lat' dir='ltr'>Lucani</span> <span class='ocrx_word' id='word_1_97' title='bbox 1388 1132 1437 1168; x_wconf 86' lang='lat' dir='ltr'>in</span> <span class='ocrx_word' id='word_1_98' title='bbox 1462 1142 1627 1169; x_wconf 84' lang='lat' dir='ltr'>versus</span> 
     </span>
    </p>

    <p class='ocr_par' dir='ltr' id='par_1_7' title="bbox 139 1193 1626 1296">
     <span class='ocr_line' id='line_1_15' title="bbox 139 1193 1626 1242; baseline 0.001 -11"><span class='ocrx_word' id='word_1_99' title='bbox 139 1195 364 1231; x_wconf 86' lang='lat' dir='ltr'>redactus.</span> <span class='ocrx_word' id='word_1_100' title='bbox 397 1193 614 1230; x_wconf 87' lang='lat' dir='ltr'>Eiusdem</span> <span class='ocrx_word' id='word_1_101' title='bbox 642 1193 800 1230; x_wconf 81' lang='lat' dir='ltr'>Oratio</span> <span class='ocrx_word' id='word_1_102' title='bbox 827 1195 936 1230; x_wconf 89' lang='lat' dir='ltr'>ante</span> <span class='ocrx_word' id='word_1_103' title='bbox 965 1205 1145 1231; x_wconf 87' lang='lat' dir='ltr'>sacram</span> <span class='ocrx_word' id='word_1_104' title='bbox 1172 1196 1377 1242; x_wconf 85' lang='lat' dir='ltr'>corporis</span> <span class='ocrx_word' id='word_1_105' title='bbox 1405 1196 1626 1233; x_wconf 87' lang='lat' dir='ltr'>dominici</span> 
     </span>
     <span class='ocr_line' id='line_1_16' title="bbox 571 1260 1198 1296; baseline 0.002 -1"><span class='ocrx_word' id='word_1_106' title='bbox 571 1260 942 1296; x_wconf 82' lang='lat' dir='ltr'>communionem</span> <span class='ocrx_word' id='word_1_107' title='bbox 970 1260 1198 1296; x_wconf 80' lang='lat' dir='ltr'>dicenda.l</span> 
     </span>
    </p>
   </div>
   <div class='ocr_carea' id='block_1_5' title="bbox 139 1345 1629 1768">
    <p class='ocr_par' dir='ltr' id='par_1_8' title="bbox 139 1345 1629 1768">
     <span class='ocr_line' id='line_1_17' title="bbox 312 1345 1456 1401; baseline 0.003 -14"><span class='ocrx_word' id='word_1_108' title='bbox 312 1345 392 1398; x_wconf 56' lang='lat' dir='ltr'>(Aa</span> <span class='ocrx_word' id='word_1_109' title='bbox 424 1346 599 1388; x_wconf 65' lang='lat' dir='ltr'>olmiicez&#39;</span> <span class='ocrx_word' id='word_1_110' title='bbox 624 1347 868 1400; x_wconf 63' lang='lat' dir='ltr'>pt‘c&#39;spo&#39;kho&#39;z</span> <span class='ocrx_word' id='word_1_111' title='bbox 898 1347 1067 1389; x_wconf 59' lang='lat' dir='ltr'>inteeett</span> <span class='ocrx_word' id='word_1_112' title='bbox 1099 1348 1456 1401; x_wconf 67' lang='lat' dir='ltr'>ajdnld-Zecelbo&#39;l.)</span> 
     </span>
     <span class='ocr_line' id='line_1_18' title="bbox 262 1430 1626 1484; baseline 0.001 -13"><span class='ocrx_word' id='word_1_113' title='bbox 262 1431 437 1483; x_wconf 76' lang='lat' dir='ltr'>„Neque</span> <span class='ocrx_word' id='word_1_114' title='bbox 470 1443 570 1471; x_wconf 86' lang='lat' dir='ltr'>vero</span> <span class='ocrx_word' id='word_1_115' title='bbox 605 1430 670 1471; x_wconf 92' lang='lat' dir='ltr'>sui</span> <span class='ocrx_word' id='word_1_116' title='bbox 703 1430 858 1471; x_wconf 88' lang='lat' dir='ltr'>desunt</span> <span class='ocrx_word' id='word_1_117' title='bbox 902 1430 1179 1472; x_wconf 88' lang='lat' dir='ltr'>Maecenates</span> <span class='ocrx_word' id='word_1_118' title='bbox 1212 1432 1476 1479; x_wconf 73' lang='lat' dir='ltr'>Pannoniae,</span> <span class='ocrx_word' id='word_1_119' title='bbox 1523 1431 1626 1484; x_wconf 87' lang='lat' dir='ltr'>quid</span> 
     </span>
     <span class='ocr_line' id='line_1_19' title="bbox 141 1501 1627 1555; baseline 0 -11"><span class='ocrx_word' id='word_1_120' title='bbox 141 1502 252 1544; x_wconf 90' lang='lat' dir='ltr'>enim</span> <span class='ocrx_word' id='word_1_121' title='bbox 274 1501 507 1552; x_wconf 87' lang='lat' dir='ltr'>liberalius,</span> <span class='ocrx_word' id='word_1_122' title='bbox 528 1501 628 1554; x_wconf 88' lang='lat' dir='ltr'>quid</span> <span class='ocrx_word' id='word_1_123' title='bbox 647 1501 825 1553; x_wconf 89' lang='lat' dir='ltr'>doctius,</span> <span class='ocrx_word' id='word_1_124' title='bbox 846 1501 946 1554; x_wconf 91' lang='lat' dir='ltr'>quid</span> <span class='ocrx_word' id='word_1_125' title='bbox 965 1501 1201 1555; x_wconf 91' lang='lat' dir='ltr'>sapientius</span> <span class='ocrx_word' id='word_1_126' title='bbox 1222 1502 1422 1543; x_wconf 88' lang='lat' dir='ltr'>Ladislao</span> <span class='ocrx_word' id='word_1_127' title='bbox 1439 1502 1627 1544; x_wconf 84' lang='lat' dir='ltr'>Saleano</span> 
     </span>
     <span class='ocr_line' id='line_1_20' title="bbox 140 1571 1629 1627; baseline -0.001 -12"><span class='ocrx_word' id='word_1_128' title='bbox 140 1573 466 1627; x_wconf 88' lang='lat' dir='ltr'>archiepiscopo</span> <span class='ocrx_word' id='word_1_129' title='bbox 501 1571 727 1613; x_wconf 84' lang='lat' dir='ltr'>Colocensi</span> <span class='ocrx_word' id='word_1_130' title='bbox 750 1573 972 1623; x_wconf 71' lang='lat' dir='ltr'>Reveren,</span> <span class='ocrx_word' id='word_1_131' title='bbox 1008 1574 1126 1614; x_wconf 91' lang='lat' dir='ltr'>cuius</span> <span class='ocrx_word' id='word_1_132' title='bbox 1148 1572 1478 1615; x_wconf 90' lang='lat' dir='ltr'>munificentiam</span> <span class='ocrx_word' id='word_1_133' title='bbox 1501 1586 1629 1615; x_wconf 90' lang='lat' dir='ltr'>nemo</span> 
     </span>
     <span class='ocr_line' id='line_1_21' title="bbox 139 1643 1626 1698; baseline -0.001 -12"><span class='ocrx_word' id='word_1_134' title='bbox 139 1658 224 1686; x_wconf 93' lang='lat' dir='ltr'>non</span> <span class='ocrx_word' id='word_1_135' title='bbox 256 1644 423 1698; x_wconf 85' lang='lat' dir='ltr'>probat,</span> <span class='ocrx_word' id='word_1_136' title='bbox 466 1643 744 1685; x_wconf 87' lang='lat' dir='ltr'>eruditionem</span> <span class='ocrx_word' id='word_1_137' title='bbox 778 1643 1023 1695; x_wconf 88' lang='lat' dir='ltr'>admiratur,</span> <span class='ocrx_word' id='word_1_138' title='bbox 1059 1644 1314 1697; x_wconf 89' lang='lat' dir='ltr'>sapientiam</span> <span class='ocrx_word' id='word_1_139' title='bbox 1348 1644 1531 1697; x_wconf 87' lang='lat' dir='ltr'>denique</span> <span class='ocrx_word' id='word_1_140' title='bbox 1565 1644 1626 1685; x_wconf 91' lang='lat' dir='ltr'>in-</span> 
     </span>
     <span class='ocr_line' id='line_1_22' title="bbox 140 1714 1628 1768; baseline -0.001 -11"><span class='ocrx_word' id='word_1_141' title='bbox 140 1716 388 1757; x_wconf 85' lang='lat' dir='ltr'>credibilem</span> <span class='ocrx_word' id='word_1_142' title='bbox 410 1715 621 1756; x_wconf 84' lang='lat' dir='ltr'>observat.</span> <span class='ocrx_word' id='word_1_143' title='bbox 644 1715 770 1768; x_wconf 91' lang='lat' dir='ltr'>Apud</span> <span class='ocrx_word' id='word_1_144' title='bbox 789 1727 864 1755; x_wconf 90' lang='lat' dir='ltr'>eos</span> <span class='ocrx_word' id='word_1_145' title='bbox 882 1715 999 1768; x_wconf 88' lang='lat' dir='ltr'>ipsos</span> <span class='ocrx_word' id='word_1_146' title='bbox 1017 1714 1248 1756; x_wconf 89' lang='lat' dir='ltr'>Pannones</span> <span class='ocrx_word' id='word_1_147' title='bbox 1266 1715 1333 1756; x_wconf 90' lang='lat' dir='ltr'>vel</span> <span class='ocrx_word' id='word_1_148' title='bbox 1351 1715 1433 1756; x_wconf 89' lang='lat' dir='ltr'>hoc</span> <span class='ocrx_word' id='word_1_149' title='bbox 1456 1715 1628 1756; x_wconf 88' lang='lat' dir='ltr'>nomine</span> 
     </span>
    </p>
   </div>
   <div class='ocr_carea' id='block_1_6' title="bbox 140 1785 1626 1912">
    <p class='ocr_par' dir='ltr' id='par_1_9' title="bbox 140 1785 1626 1912">
     <span class='ocr_line' id='line_1_23' title="bbox 140 1785 1626 1840; baseline -0.001 -12"><span class='ocrx_word' id='word_1_150' title='bbox 140 1787 336 1829; x_wconf 87' lang='lat' dir='ltr'>clarescit</span> <span class='ocrx_word' id='word_1_151' title='bbox 382 1786 629 1840; x_wconf 83' lang='lat' dir='ltr'>Stephanus</span> <span class='ocrx_word' id='word_1_152' title='bbox 662 1785 903 1837; x_wconf 90' lang='lat' dir='ltr'>Verbetius,</span> <span class='ocrx_word' id='word_1_153' title='bbox 937 1785 1000 1826; x_wconf 88' lang='lat' dir='ltr'>vir</span> <span class='ocrx_word' id='word_1_154' title='bbox 1033 1785 1252 1827; x_wconf 88' lang='lat' dir='ltr'>doctorum</span> <span class='ocrx_word' id='word_1_155' title='bbox 1292 1785 1626 1836; x_wconf 89' lang='lat' dir='ltr'>amantissimus,</span> 
     </span>
     <span class='ocr_line' id='line_1_24' title="bbox 141 1853 1306 1912; baseline -0.002 -13"><span class='ocrx_word' id='word_1_156' title='bbox 141 1864 182 1900; x_wconf 93' lang='lat' dir='ltr'>et</span> <span class='ocrx_word' id='word_1_157' title='bbox 213 1858 306 1912; x_wconf 89' lang='lat' dir='ltr'>ipse</span> <span class='ocrx_word' id='word_1_158' title='bbox 339 1858 571 1899; x_wconf 89' lang='lat' dir='ltr'>litterarum</span> <span class='ocrx_word' id='word_1_159' title='bbox 607 1857 758 1898; x_wconf 89' lang='lat' dir='ltr'>studiis</span> <span class='ocrx_word' id='word_1_160' title='bbox 792 1853 1066 1911; x_wconf 84' lang='lat' dir='ltr'>peculiariter</span> <span class='ocrx_word' id='word_1_161' title='bbox 1098 1856 1306 1898; x_wconf 89' lang='lat' dir='ltr'>addictus.</span> 
     </span>
    </p>
   </div>
   <div class='ocr_carea' id='block_1_7' title="bbox 779 1962 987 1965">
    <p class='ocr_par' dir='ltr' id='par_1_10' title="bbox 779 1962 987 1965">
     <span class='ocr_line' id='line_1_25' title="bbox 779 1962 987 1965; baseline 0 0"><span class='ocrx_word' id='word_1_162' title='bbox 779 1962 987 1965; x_wconf 95' lang='lat' dir='ltr'> </span> 
     </span>
    </p>
   </div>
   <div class='ocr_carea' id='block_1_8' title="bbox 139 2041 1627 2152">
    <p class='ocr_par' dir='ltr' id='par_1_11' title="bbox 139 2041 1627 2152">
     <span class='ocr_line' id='line_1_26' title="bbox 140 2041 1627 2090; baseline -0.001 -11"><span class='ocrx_word' id='word_1_163' title='bbox 140 2042 408 2080; x_wconf 87' lang='lat' dir='ltr'>Clarissimo</span> <span class='ocrx_word' id='word_1_164' title='bbox 445 2044 491 2079; x_wconf 92' lang='lat' dir='ltr'>et</span> <span class='ocrx_word' id='word_1_165' title='bbox 525 2042 712 2090; x_wconf 84' lang='lat' dir='ltr'>egregio</span> <span class='ocrx_word' id='word_1_166' title='bbox 745 2042 857 2078; x_wconf 91' lang='lat' dir='ltr'>Viro</span> <span class='ocrx_word' id='word_1_167' title='bbox 897 2041 1092 2077; x_wconf 88' lang='lat' dir='ltr'>Domino</span> <span class='ocrx_word' id='word_1_168' title='bbox 1121 2041 1379 2078; x_wconf 89' lang='lat' dir='ltr'>Benedicto</span> <span class='ocrx_word' id='word_1_169' title='bbox 1418 2042 1627 2078; x_wconf 87' lang='lat' dir='ltr'>Bekenio</span> 
     </span>
     <span class='ocr_line' id='line_1_27' title="bbox 139 2105 1624 2152; baseline -0.001 -8"><span class='ocrx_word' id='word_1_170' title='bbox 139 2108 378 2145; x_wconf 87' lang='lat' dir='ltr'>Pannonio</span> <span class='ocrx_word' id='word_1_171' title='bbox 402 2108 725 2145; x_wconf 79' lang='lat' dir='ltr'>Protonotario</span> <span class='ocrx_word' id='word_1_172' title='bbox 752 2106 1008 2143; x_wconf 87' lang='lat' dir='ltr'>Palatinali</span> <span class='ocrx_word' id='word_1_173' title='bbox 1035 2106 1167 2152; x_wconf 81' lang='lat' dir='ltr'>Gasp.</span> <span class='ocrx_word' id='word_1_174' title='bbox 1189 2105 1288 2142; x_wconf 81' lang='lat' dir='ltr'>Urs.</span> <span class='ocrx_word' id='word_1_175' title='bbox 1307 2106 1468 2142; x_wconf 88' lang='lat' dir='ltr'>Velius</span> <span class='ocrx_word' id='word_1_176' title='bbox 1497 2106 1536 2143; x_wconf 89' lang='lat' dir='ltr'>S.</span> <span class='ocrx_word' id='word_1_177' title='bbox 1556 2107 1624 2143; x_wconf 83' lang='lat' dir='ltr'>D.2</span> 
     </span>
    </p>
   </div>
   <div class='ocr_carea' id='block_1_9' title="bbox 139 2203 1628 2402">
    <p class='ocr_par' dir='ltr' id='par_1_12' title="bbox 139 2203 1628 2402">
     <span class='ocr_line' id='line_1_28' title="bbox 259 2203 1628 2261; baseline -0.001 -13"><span class='ocrx_word' id='word_1_178' title='bbox 259 2207 363 2249; x_wconf 84' lang='lat' dir='ltr'>Cum</span> <span class='ocrx_word' id='word_1_179' title='bbox 387 2208 495 2248; x_wconf 87' lang='lat' dir='ltr'>alias</span> <span class='ocrx_word' id='word_1_180' title='bbox 517 2213 691 2261; x_wconf 89' lang='lat' dir='ltr'>propter</span> <span class='ocrx_word' id='word_1_181' title='bbox 711 2220 779 2248; x_wconf 91' lang='lat' dir='ltr'>res</span> <span class='ocrx_word' id='word_1_182' title='bbox 802 2206 958 2246; x_wconf 88' lang='lat' dir='ltr'>multas</span> <span class='ocrx_word' id='word_1_183' title='bbox 980 2205 1156 2246; x_wconf 88' lang='lat' dir='ltr'>multum</span> <span class='ocrx_word' id='word_1_184' title='bbox 1190 2217 1294 2245; x_wconf 87' lang='lat' dir='ltr'>sane</span> <span class='ocrx_word' id='word_1_185' title='bbox 1318 2203 1456 2246; x_wconf 89' lang='lat' dir='ltr'>debeo</span> <span class='ocrx_word' id='word_1_186' title='bbox 1479 2205 1628 2246; x_wconf 92' lang='lat' dir='ltr'>Pisoni</span> 
     </span>
     <span class='ocr_line' id='line_1_29' title="bbox 141 2275 1628 2332; baseline -0.003 -12"><span class='ocrx_word' id='word_1_187' title='bbox 141 2278 387 2320; x_wconf 88' lang='lat' dir='ltr'>doctissimo</span> <span class='ocrx_word' id='word_1_188' title='bbox 420 2278 809 2332; x_wconf 86' lang='lat' dir='ltr'>probatissimoque</span> <span class='ocrx_word' id='word_1_189' title='bbox 842 2277 945 2327; x_wconf 85' lang='lat' dir='ltr'>viro,</span> <span class='ocrx_word' id='word_1_190' title='bbox 979 2282 1065 2316; x_wconf 90' lang='lat' dir='ltr'>tum</span> <span class='ocrx_word' id='word_1_191' title='bbox 1100 2275 1329 2329; x_wconf 87' lang='lat' dir='ltr'>praecipue</span> <span class='ocrx_word' id='word_1_192' title='bbox 1363 2276 1457 2317; x_wconf 89' lang='lat' dir='ltr'>loco</span> <span class='ocrx_word' id='word_1_193' title='bbox 1483 2276 1628 2329; x_wconf 81' lang='lat' dir='ltr'>singu-</span> 
     </span>
     <span class='ocr_line' id='line_1_30' title="bbox 139 2346 1628 2402; baseline -0.002 -11"><span class='ocrx_word' id='word_1_194' title='bbox 139 2349 240 2390; x_wconf 88' lang='lat' dir='ltr'>laris</span> <span class='ocrx_word' id='word_1_195' title='bbox 267 2349 467 2391; x_wconf 88' lang='lat' dir='ltr'>beneficii</span> <span class='ocrx_word' id='word_1_196' title='bbox 491 2350 612 2400; x_wconf 79' lang='lat' dir='ltr'>duco,</span> <span class='ocrx_word' id='word_1_197' title='bbox 639 2348 750 2402; x_wconf 88' lang='lat' dir='ltr'>quod</span> <span class='ocrx_word' id='word_1_198' title='bbox 774 2348 887 2389; x_wconf 89' lang='lat' dir='ltr'>illius</span> <span class='ocrx_word' id='word_1_199' title='bbox 912 2347 1024 2388; x_wconf 90' lang='lat' dir='ltr'>domi</span> <span class='ocrx_word' id='word_1_200' title='bbox 1046 2346 1279 2400; x_wconf 89' lang='lat' dir='ltr'>praeterita</span> <span class='ocrx_word' id='word_1_201' title='bbox 1299 2346 1438 2387; x_wconf 88' lang='lat' dir='ltr'>hieme</span> <span class='ocrx_word' id='word_1_202' title='bbox 1463 2347 1628 2388; x_wconf 86' lang='lat' dir='ltr'>suavis-</span> 
     </span>
    </p>
   </div>
   <div class='ocr_carea' id='block_1_10' title="bbox 138 2461 1629 2921">
    <p class='ocr_par' dir='ltr' id='par_1_13' title="bbox 138 2461 1629 2629">
     <span class='ocr_line' id='line_1_31' title="bbox 259 2461 1625 2510; baseline -0.003 -11"><span class='ocrx_word' id='word_1_203' title='bbox 259 2464 269 2484; x_wconf 72' lang='grc'>1</span> <span class='ocrx_word' id='word_1_204' title='bbox 296 2465 330 2499; x_wconf 92' lang='lat' dir='ltr'>A</span> <span class='ocrx_word' id='word_1_205' title='bbox 356 2466 480 2510; x_wconf 77' lang='lat' dir='ltr'>konyv</span> <span class='ocrx_word' id='word_1_206' title='bbox 505 2464 642 2510; x_wconf 80' lang='lat' dir='ltr'>vegen:</span> <span class='ocrx_word' id='word_1_207' title='bbox 687 2464 867 2505; x_wconf 83' lang='lat' dir='ltr'>„Viennae</span> <span class='ocrx_word' id='word_1_208' title='bbox 894 2462 1104 2496; x_wconf 85' lang='lat' dir='ltr'>Pannoniae</span> <span class='ocrx_word' id='word_1_209' title='bbox 1132 2462 1168 2495; x_wconf 92' lang='lat' dir='ltr'>in</span> <span class='ocrx_word' id='word_1_210' title='bbox 1195 2462 1348 2496; x_wconf 84' lang='lat' dir='ltr'>aedibus</span> <span class='ocrx_word' id='word_1_211' title='bbox 1374 2462 1520 2496; x_wconf 88' lang='lat' dir='ltr'>Ioannis</span> <span class='ocrx_word' id='word_1_212' title='bbox 1549 2461 1625 2496; x_wconf 87' lang='lat' dir='ltr'>Sin-</span> 
     </span>
     <span class='ocr_line' id='line_1_32' title="bbox 140 2519 1629 2569; baseline -0.003 -11"><span class='ocrx_word' id='word_1_213' title='bbox 140 2525 263 2569; x_wconf 83' lang='lat' dir='ltr'>grenii.</span> <span class='ocrx_word' id='word_1_214' title='bbox 291 2525 382 2560; x_wconf 87' lang='lat' dir='ltr'>Men.</span> <span class='ocrx_word' id='word_1_215' title='bbox 410 2526 547 2559; x_wconf 88' lang='lat' dir='ltr'>Martio.</span> <span class='ocrx_word' id='word_1_216' title='bbox 575 2525 618 2558; x_wconf 94' lang='lat' dir='ltr'>M.</span> <span class='ocrx_word' id='word_1_217' title='bbox 635 2525 676 2558; x_wconf 93' lang='lat' dir='ltr'>D.</span> <span class='ocrx_word' id='word_1_218' title='bbox 692 2523 824 2557; x_wconf 55' lang='lat' dir='ltr'>XXIIf</span> <span class='ocrx_word' id='word_1_219' title='bbox 854 2520 1148 2566; x_wconf 79' lang='lat' dir='ltr'>Negyedretben.</span> <span class='ocrx_word' id='word_1_220' title='bbox 1175 2519 1209 2554; x_wconf 89' lang='lat' dir='ltr'>A</span> <span class='ocrx_word' id='word_1_221' title='bbox 1227 2521 1306 2555; x_wconf 80' lang='lat' dir='ltr'>sent</span> <span class='ocrx_word' id='word_1_222' title='bbox 1325 2521 1468 2555; x_wconf 75' lang='lat' dir='ltr'>kozl&#39;ott</span> <span class='ocrx_word' id='word_1_223' title='bbox 1493 2519 1629 2555; x_wconf 81' lang='lat' dir='ltr'>reszlet</span> 
     </span>
     <span class='ocr_line' id='line_1_33' title="bbox 138 2582 955 2629; baseline -0.004 -12"><span class='ocrx_word' id='word_1_224' title='bbox 138 2594 295 2628; x_wconf 79' lang='lat' dir='ltr'>megvan</span> <span class='ocrx_word' id='word_1_225' title='bbox 320 2582 559 2629; x_wconf 82' lang='lat' dir='ltr'>Kemenynel‚</span> <span class='ocrx_word' id='word_1_226' title='bbox 586 2583 811 2617; x_wconf 78' lang='lat' dir='ltr'>Kalaszatok</span> <span class='ocrx_word' id='word_1_227' title='bbox 838 2594 871 2625; x_wconf 88' lang='lat' dir='ltr'>p.</span> <span class='ocrx_word' id='word_1_228' title='bbox 900 2582 955 2615; x_wconf 74' lang='lat'>71.</span> 
     </span>
    </p>

    <p class='ocr_par' dir='ltr' id='par_1_14' title="bbox 138 2637 1627 2921">
     <span class='ocr_line' id='line_1_34' title="bbox 257 2637 1627 2685; baseline -0.004 -8"><span class='ocrx_word' id='word_1_229' title='bbox 257 2642 269 2661; x_wconf 72' lang='lat'>2</span> <span class='ocrx_word' id='word_1_230' title='bbox 294 2643 429 2685; x_wconf 83' lang='lat' dir='ltr'>„Nenia</span> <span class='ocrx_word' id='word_1_231' title='bbox 448 2643 625 2678; x_wconf 75' lang='lat' dir='ltr'>Sereniss.</span> <span class='ocrx_word' id='word_1_232' title='bbox 641 2642 816 2676; x_wconf 89' lang='lat' dir='ltr'>Dominae</span> <span class='ocrx_word' id='word_1_233' title='bbox 836 2641 968 2674; x_wconf 88' lang='lat' dir='ltr'>Mariae</span> <span class='ocrx_word' id='word_1_234' title='bbox 986 2640 1149 2683; x_wconf 83' lang='lat' dir='ltr'>Reginae</span> <span class='ocrx_word' id='word_1_235' title='bbox 1164 2639 1434 2673; x_wconf 91' lang='lat' dir='ltr'>Pannoniorum</span> <span class='ocrx_word' id='word_1_236' title='bbox 1453 2639 1498 2673; x_wconf 91' lang='lat' dir='ltr'>de</span> <span class='ocrx_word' id='word_1_237' title='bbox 1518 2637 1627 2672; x_wconf 88' lang='lat' dir='ltr'>Obitu</span> 
     </span>
     <span class='ocr_line' id='line_1_35' title="bbox 140 2697 1625 2744; baseline -0.004 -8"><span class='ocrx_word' id='word_1_238' title='bbox 140 2702 316 2737; x_wconf 83' lang='lat' dir='ltr'>Sereniss.</span> <span class='ocrx_word' id='word_1_239' title='bbox 340 2702 518 2736; x_wconf 90' lang='lat' dir='ltr'>Dominae</span> <span class='ocrx_word' id='word_1_240' title='bbox 544 2701 778 2736; x_wconf 85' lang='lat' dir='ltr'>Elisabethae</span> <span class='ocrx_word' id='word_1_241' title='bbox 805 2700 968 2744; x_wconf 80' lang='lat' dir='ltr'>Reginae</span> <span class='ocrx_word' id='word_1_242' title='bbox 996 2699 1181 2732; x_wconf 91' lang='lat' dir='ltr'>Danorum</span> <span class='ocrx_word' id='word_1_243' title='bbox 1209 2698 1350 2732; x_wconf 79' lang='lat' dir='ltr'>Sororis</span> <span class='ocrx_word' id='word_1_244' title='bbox 1370 2697 1625 2731; x_wconf 85' lang='lat' dir='ltr'>Dulcissimae.</span> 
     </span>
     <span class='ocr_line' id='line_1_36' title="bbox 140 2753 1626 2805; baseline -0.005 -9"><span class='ocrx_word' id='word_1_245' title='bbox 140 2759 247 2805; x_wconf 86' lang='lat' dir='ltr'>Casp.</span> <span class='ocrx_word' id='word_1_246' title='bbox 263 2761 392 2796; x_wconf 89' lang='lat' dir='ltr'>Ursino</span> <span class='ocrx_word' id='word_1_247' title='bbox 408 2761 512 2796; x_wconf 91' lang='lat' dir='ltr'>Velio</span> <span class='ocrx_word' id='word_1_248' title='bbox 526 2761 676 2794; x_wconf 88' lang='lat' dir='ltr'>Autore.</span> <span class='ocrx_word' id='word_1_249' title='bbox 696 2760 868 2793; x_wconf 85' lang='lat' dir='ltr'>Eiusdem</span> <span class='ocrx_word' id='word_1_250' title='bbox 884 2758 929 2791; x_wconf 87' lang='lat' dir='ltr'>ad</span> <span class='ocrx_word' id='word_1_251' title='bbox 944 2757 1108 2792; x_wconf 89' lang='lat' dir='ltr'>diversos</span> <span class='ocrx_word' id='word_1_252' title='bbox 1128 2757 1429 2801; x_wconf 81' lang='lat' dir='ltr'>Epigrammata.“</span> <span class='ocrx_word' id='word_1_253' title='bbox 1454 2753 1487 2789; x_wconf 92' lang='lat' dir='ltr'>A</span> <span class='ocrx_word' id='word_1_254' title='bbox 1501 2756 1626 2799; x_wconf 82' lang='lat' dir='ltr'>ko&#39;nyv</span> 
     </span>
     <span class='ocr_line' id='line_1_37' title="bbox 138 2815 1627 2864; baseline -0.004 -10"><span class='ocrx_word' id='word_1_255' title='bbox 138 2818 274 2864; x_wconf 78' lang='lat' dir='ltr'>vegen:</span> <span class='ocrx_word' id='word_1_256' title='bbox 305 2820 480 2861; x_wconf 85' lang='lat' dir='ltr'>„Ioannes</span> <span class='ocrx_word' id='word_1_257' title='bbox 508 2819 719 2864; x_wconf 86' lang='lat' dir='ltr'>Singrenius</span> <span class='ocrx_word' id='word_1_258' title='bbox 745 2817 964 2852; x_wconf 84' lang='lat' dir='ltr'>Viennensis</span> <span class='ocrx_word' id='word_1_259' title='bbox 987 2815 1255 2861; x_wconf 81' lang='lat' dir='ltr'>Typographus</span> <span class='ocrx_word' id='word_1_260' title='bbox 1275 2815 1488 2849; x_wconf 82' lang='lat' dir='ltr'>excudebat.</span> <span class='ocrx_word' id='word_1_261' title='bbox 1516 2815 1627 2849; x_wconf 90' lang='lat' dir='ltr'>Anno</span> 
     </span>
     <span class='ocr_line' id='line_1_38' title="bbox 139 2875 1057 2921; baseline -0.004 -8"><span class='ocrx_word' id='word_1_262' title='bbox 139 2889 159 2913; x_wconf 88' lang='lat' dir='ltr'>a</span> <span class='ocrx_word' id='word_1_263' title='bbox 186 2878 330 2914; x_wconf 86' lang='lat' dir='ltr'>Christo</span> <span class='ocrx_word' id='word_1_264' title='bbox 357 2882 443 2913; x_wconf 84' lang='lat' dir='ltr'>nato</span> <span class='ocrx_word' id='word_1_265' title='bbox 469 2879 512 2913; x_wconf 92' lang='lat' dir='ltr'>M.</span> <span class='ocrx_word' id='word_1_266' title='bbox 528 2879 569 2912; x_wconf 90' lang='lat' dir='ltr'>D.</span> <span class='ocrx_word' id='word_1_267' title='bbox 585 2878 733 2912; x_wconf 81' lang='lat' dir='ltr'>XXVI.“</span> <span class='ocrx_word' id='word_1_268' title='bbox 763 2875 1057 2921; x_wconf 77' lang='lat' dir='ltr'>Negyedretben.</span> 
     </span>
    </p>
   </div>
  </div>
 </body>
</html>
