1898 3278
259 122 303 155 80

259 266 387 307 bilem
411 264 573 317 ingenii
595 263 655 304 tui
679 263 734 305 ad
757 276 905 304 omnes
928 276 998 305 res
1015 276 1195 316 magnas
1214 263 1302 303 nati
1319 262 1569 304 felicitatem
1588 263 1744 317 cogito,

259 336 362 378 nihil
397 341 462 376 est
494 341 580 376 tam
610 333 787 375 arduum
816 340 902 376 tam
924 347 1165 388 operosum,
1200 334 1312 386 quod
1340 333 1393 375 de
1416 334 1511 388 ipsa
1537 334 1637 375 mihi
1659 347 1743 375 non

257 408 386 449 facile
419 405 667 460 spondeam.
713 404 828 447 Sane
862 418 986 458 quom
1020 405 1331 446 illustrissimus
1377 405 1576 459 princeps
1608 418 1744 457 meuS,

259 479 326 521 cui
360 478 568 532 epistolae
600 483 642 517 et
675 477 906 517 carminum
940 483 1104 517 tuorum
1140 476 1400 529 elegantiam
1433 476 1555 529 quasi
1588 477 1745 518 emble·

258 556 375 591 mata
408 554 450 590 et
483 547 660 589 delicias
694 547 901 600 quasdam
936 547 1081 592 obtuli.
1117 561 1169 589 ea
1191 547 1382 600 legisset,
1417 548 1656 600 gratulatus
1679 554 1746 589 est

257 621 521 670 Pannoniae,
570 632 680 672 quae
725 625 891 660 tantum
932 619 1065 660 virum
1111 632 1195 660 non
1241 620 1366 660 modo
1407 619 1616 672 genuerit,
1666 618 1745 661 sed

258 692 507 735 educaverit
534 696 576 732 et
609 690 664 732 ad
692 703 898 731 summam
932 703 1068 743 usque
1102 690 1398 731 auctoritatem
1422 691 1679 744 provexerit,
1701 697 1745 731 ut

257 765 311 806 ab
336 777 400 814 eo,
425 762 493 804 cui
516 762 685 803 natales
708 761 839 811 dedit,
863 762 960 816 ipsa
982 760 1255 815 splendorem
1280 768 1322 802 et
1343 761 1486 802 lumen
1514 761 1745 815 aliquando

257 841 471 877 mutuetur
501 867 509 874 .
543 867 551 874 .
583 868 589 874 .
637 832 821 873 Proinde
856 846 982 885 quom
1016 839 1073 883 tu,
1108 832 1171 873 vir
1203 832 1478 885 amplissime,
1514 833 1669 875 breves
1703 840 1745 874 et

256 907 487 958 laconicas,
522 906 612 957 sed,
646 905 701 945 Di
732 903 846 955 boni,
882 917 1006 956 quam
1041 917 1198 958 graves
1223 904 1278 946 ad
1298 918 1365 946 me
1388 905 1535 946 literas
1558 904 1744 956 dederis,

257 992 339 1032 ego
371 977 600 1030 longiores,
636 975 714 1017 sed
747 975 877 1016 multo
909 975 1156 1016 incultiores
1189 975 1337 1017 reddo.
1372 976 1438 1016 Tu
1465 975 1744 1017 Octostichon

255 1051 375 1104 regio
398 1048 569 1090 nomine
594 1047 828 1101 scripsisti;
863 1059 944 1100 ego
973 1046 1191 1100 profusius
1214 1047 1256 1087 in
1276 1047 1383 1100 regii
1416 1047 1603 1088 muneris
1631 1060 1746 1089 com-

256 1121 573 1163 mendationem
606 1119 701 1169 lusi,
737 1124 779 1158 et
807 1118 891 1158 iam
925 1131 1037 1158 nunc
1067 1118 1176 1158 trino
1210 1118 1518 1172 epigrammate
1547 1118 1603 1159 ad
1625 1118 1745 1159 fasti—

257 1194 370 1235 dium
392 1192 556 1247 prolixo
575 1203 700 1231 aures
718 1196 815 1230 tuas
838 1189 1032 1242 fatigabo
1052 1223 1057 1228 .
1082 1224 1087 1229 .
1114 1224 1120 1230 .
1141 1196 1183 1230 et
1202 1223 1208 1230 .
1232 1224 1239 1230 .
1263 1224 1269 1229 .
1295 1203 1361 1230 me
1382 1203 1433 1231 ac
1455 1189 1582 1231 fidem
1605 1204 1743 1232 meam

256 1278 331 1319 pro
356 1263 608 1305 auctoritate
633 1274 717 1314 qua
738 1261 889 1314 polles,
915 1260 1104 1313 digneris
1128 1273 1291 1301 summo
1314 1261 1405 1314 regi
1429 1261 1742 1303 commendare.

256 1336 374 1377 Bene
407 1335 517 1376 vale.
552 1333 698 1374 Idibus
730 1332 823 1374 Jan.
856 1331 1190 1373 M.D.XXVIII.
1216 1331 1271 1381 <!).
1305 1332 1446 1385 Agria.

481 1478 521 1518 p.
557 1462 624 1507 79.
675 1461 846 1504 Caelius
884 1460 971 1502 Cal.
1012 1460 1189 1502 Camillo
1227 1460 1442 1503 Vistarz'no
1478 1461 1519 1504 S.

447 1595 455 1602 .
488 1573 569 1613 ego
603 1559 750 1613 procul
783 1572 808 1598 a
841 1558 992 1612 patria,
1033 1557 1181 1611 procul
1213 1570 1238 1597 a
1272 1558 1422 1599 studiis
1458 1559 1596 1600 meis.
1625 1594 1631 1600 .
1659 1593 1666 1601 .
1700 1559 1744 1601 in

257 1632 442 1674 inediam
476 1631 599 1684 quasi
633 1629 853 1683 Scythiam
886 1629 1119 1682 relegatus,
1155 1635 1196 1670 et
1225 1642 1456 1682 paucorum
1491 1631 1746 1672 commercia

256 1717 460 1758 agnosco,
495 1709 536 1743 et
560 1702 674 1755 quod
697 1701 881 1742 atrocius
902 1700 1088 1754 putabis,
1122 1700 1247 1754 pauci
1268 1700 1328 1741 illi
1351 1701 1479 1754 longe
1503 1715 1528 1742 a
1554 1701 1740 1743 moribus

256 1776 361 1817 meis
395 1774 671 1825 dissidentes,
704 1772 869 1814 faciunt
901 1777 946 1812 ut
978 1772 1156 1812 huiusce
1191 1772 1327 1825 magis
1361 1772 1574 1826 naufragii
1596 1773 1679 1814 vim
1704 1779 1746 1814 et

255 1846 444 1888 vulneris
467 1845 747 1887 acerbitatem
780 1843 1028 1896 intelligam.
1062 1843 1127 1883 Tu
1150 1855 1250 1884 vero
1274 1843 1376 1884 mihi
1398 1843 1601 1897 principis
1624 1857 1744 1897 prae-

257 1917 439 1959 sentiam
467 1916 629 1958 obiicis.
657 1916 710 1956 At
743 1915 823 1956 hoc
848 1921 914 1955 est
936 1914 1065 1967 plane
1090 1926 1297 1955 exornare
1319 1927 1438 1955 meas
1462 1915 1744 1965 calamitates,

257 1996 298 2031 et
330 1995 429 2043 post
461 1995 633 2029 caetera
664 1986 897 2027 infortunia
928 1985 1171 2026 libertatem
1210 1985 1337 2026 etiam
1374 1985 1576 2026 adimere.
1622 1985 1744 2037 Vide,

257 2074 339 2112 quo
373 2060 466 2100 loco
501 2059 578 2100 sim
612 2065 654 2099 et
687 2071 814 2110 quam
858 2057 997 2111 capite
1033 2057 1263 2098 diminutus
1295 2091 1302 2098 .
1335 2091 1343 2098 .
1379 2091 1385 2097 .
1420 2056 1493 2098 XI.
1530 2056 1745 2098 Ualendas

257 2131 527 2172 Februarias.
563 2130 616 2172 M.
634 2130 684 2170 D.
699 2129 750 2170 X.
766 2129 874 2170 VIII.
909 2130 1053 2183 Agria.

411 2275 451 2315 p.
486 2259 555 2303 80.
607 2259 777 2301 Caelius
815 2259 903 2301 Gal.
938 2258 1052 2300 Lz'lz'o
1091 2258 1291 2313 Greyom'o
1331 2233 1520 2312 Gyraldo
1555 2256 1595 2298 S.

401 2391 408 2397 .
436 2391 442 2398 .
471 2390 478 2398 .
508 2355 663 2397 Paucis
697 2354 848 2396 diebus
881 2354 1031 2395 Budae
1064 2354 1137 2405 fui,
1183 2354 1326 2406 ibique
1360 2353 1564 2394 Manardo
1598 2360 1744 2394 nostro

257 2428 418 2483 perfrui
437 2428 575 2478 licuit;
601 2439 727 2479 quom
746 2426 926 2480 primum
949 2426 1002 2467 ab
1026 2426 1196 2467 homine
1221 2425 1525 2467 amoenissimo
1545 2424 1743 2476 discessi,

259 2514 356 2541 esse
391 2499 510 2541 desii.
543 2499 620 2540 Ille
653 2506 698 2539 ut
730 2505 771 2539 te
806 2498 1035 2538 salutarem
1071 2510 1147 2538 suo
1181 2497 1364 2547 nomine,
1400 2497 1434 2537 si
1467 2496 1576 2537 forte
1603 2496 1745 2537 isthuc

257 2572 404 2613 literas
440 2570 671 2621 dedissem,
706 2570 874 2623 rogavit
897 2603 903 2609 .
928 2603 934 2609 .
961 2603 968 2610 .
1003 2568 1073 2609 XI.
1100 2568 1273 2609 Calend.
1295 2568 1418 2609 Febr.
1452 2567 1506 2608 M.
1524 2567 1574 2607 D.
1590 2566 1743 2607 XVIII.

258 2643 402 2696 Agria.

487 2751 525 2790 p.
558 2735 626 2779 80.
677 2735 846 2777 Caelius
886 2734 972 2776 Cal.
1007 2733 1257 2775 Sebastiano
1290 2733 1436 2788 fllaffl'o
1472 2732 1514 2775 S.

380 2832 522 2882 Salve,
556 2832 611 2872 mi
633 2831 766 2872 frater
787 2830 1168 2885 praestantissime.
1204 2830 1295 2882 Ego
1318 2830 1389 2870 ille
1415 2828 1600 2879 Caelius,
1622 2827 1744 2869 cuius

261 2912 303 2944 tu
337 2904 434 2944 olim
468 2916 606 2957 nugas
639 2902 825 2956 putabas
859 2915 956 2943 esse
989 2900 1162 2953 aliquid,
1195 2908 1235 2942 et
1269 2901 1339 2953 qui
1370 2908 1412 2941 te
1446 2913 1582 2952 aeque
1616 2904 1744 2950 atque
