1898 3278
1524 164 1567 196 31

134 340 418 388 Vigilantiae
447 342 494 377 et
520 339 730 386 torporis,
764 339 935 375 virtute
964 340 1139 375 arbitra
1173 340 1520 376 Bartholomaei

579 398 788 435 Pannoni
815 398 1072 434 Certamen.

86 496 452 539 Reverev'zdissimo
474 498 523 538 in
550 495 717 538 Christo
732 494 855 549 patri
877 496 940 537 do.
966 510 1014 537 ac
1036 496 1134 537 dno.
1163 496 1339 551 Gooryz'o
1356 496 1568 550 Episcopo

91 566 526 621 Quinqueecelesiensz‘
537 566 645 608 alias
654 567 709 608 M
706 566 896 608 mestatis
907 565 1068 621 Reyz'ae
1084 565 1346 608 Cancellarz'o
1357 582 1564 622 supremo,

174 640 268 681 dno.
301 653 376 681 suo
405 637 726 693 yratzssosisszfmo.
762 637 1114 678 Bartholomaeus
1148 638 1402 680 Pmmonus.
1440 639 1480 680 S.

202 744 467 787 Meminimus
492 751 533 786 et
556 757 631 798 pro
655 749 870 798 comperto
893 743 1087 785 ducimus
1116 745 1210 785 luce
1235 745 1497 786 moeridiana
1521 744 1566 800 (1)

85 817 239 858 clarius
271 817 314 857 111
346 816 558 857 hominum
608 815 858 869 optimorum
899 815 1103 856 memoria
1141 816 1459 869 comprehendi,
1495 818 1566 869 qui

85 888 197 929 sicco
243 887 395 928 saltem
440 886 502 939 (ut
540 886 674 939 aiunt)
718 885 829 939 pede
875 885 1096 926 hist-oriam
1135 900 1218 927 11011
1252 889 1564 941 praetergressi

84 966 194 1008 sunt,
220 958 342 999 statis
375 957 631 1010 quandoque
656 956 807 998 diebus
832 957 1041 1009 annisque
1065 957 1280 998 Romanos
1303 958 1434 1011 ipsos,
1457 960 1565 1001 alios

84 1029 285 1070 exercitio
307 1028 508 1082 corporis,
543 1027 650 1068 alios
685 1024 743 1079 (et
769 1026 1122 1081 proestantiores)
1157 1028 1286 1068 animi
1320 1030 1565 1071 exercuisse

82 1100 285 1154 palestra,
320 1112 402 1152 quo
435 1099 620 1139 animum
650 1111 744 1138 cum
772 1099 834 1139 rei
863 1098 999 1139 civilis
1027 1098 1218 1152 pondere
1241 1099 1564 1152 labefactatum,

82 1178 168 1212 tum
192 1170 376 1223 denique
398 1169 538 1211 studio
568 1166 765 1223 pervigili
788 1169 1013 1222 fatigatum
1039 1176 1156 1210 tactu
1180 1175 1320 1211 terrae
1349 1170 1563 1225 (exemplo

83 1242 337 1291 Antaeiano)
360 1240 521 1282 viribus
544 1240 772 1294 resumptis
796 1240 936 1281 denuo
959 1245 1211 1293 pugnarent.
1248 1240 1371 1290 Quod
1394 1241 1563 1284 facilius

81 1312 468 1367 apprehendemus,
494 1311 529 1352 si
551 1312 710 1365 Argiva
733 1311 808 1352 illa
828 1311 1004 1351 lustrica
1031 1311 1266 1352 certamina
1288 1314 1565 1367 contemplati

81 1384 295 1426 fuerimus.
354 1382 458 1432 Quis
492 1383 603 1423 enim
649 1395 723 1424 eos
757 1382 827 1434 qui
865 1382 994 1423 totius
1039 1382 1166 1423 armis
1199 1382 1301 1424 belli
1339 1383 1561 1435 industria,

79 1455 252 1509 ingenio
271 1454 470 1507 denique,
492 1454 593 1495 orbe
612 1454 811 1495 universo
833 1453 1219 1495 exuberantissime
1242 1455 1563 1508 praepollentes

80 1528 159 1569 abs
190 1539 235 1567 re
257 1525 382 1566 ludos
416 1525 507 1566 eius
540 1524 654 1565 modi
677 1524 923 1578 auspicatos
946 1525 1081 1566 fuisse
1105 1524 1305 1566 dubitet?
1338 1526 1561 1567 Neminem

81 1598 205 1650 enim,
240 1597 304 1638 do.
337 1595 708 1647 reverendissime,
741 1596 876 1637 latere
910 1596 1101 1645 arbitror,
1149 1603 1193 1636 ut
1226 1609 1332 1649 quos
1365 1598 1562 1638 recensui

80 1669 193 1711 orbis
216 1669 515 1722 Imperatores,
550 1666 784 1707 saturnalia
816 1680 899 1707 11011
923 1667 1005 1708 nisi
1029 1680 1192 1708 summo
1217 1668 1439 1709 conamine
1465 1682 1562 1722 pro-

80 1745 250 1782 secutos
268 1739 416 1790 fuisse,
430 1751 562 1790 seque
577 1743 721 1779 mutuo
739 1738 876 1779 xeniis
894 1751 944 1779 ac
965 1738 1256 1792 apophoretis,
1276 1738 1560 1791 condonasse,

79 1811 191 1852 unde
213 1810 403 1851 Antistes
427 1809 744 1855 humanissime,
769 1822 977 1863 praesens
1002 1809 1260 1863 Vigilantiae
1285 1824 1335 1851 ac
1358 1811 1561 1865 Torporis

79 1888 308 1933 certamen,
343 1881 474 1922 castis
506 1881 633 1934 plane
667 1880 870 1932 moribus,
903 1887 1003 1921 tuae
1028 1880 1308 1934 politissimae
1341 1882 1559 1923 Minervae

79 1952 364 1995 dedicandum
411 1951 523 1993 duxi.
571 1951 618 1992 In
653 1965 734 2004 quo
770 1952 969 1993 Censoris
1013 1951 1267 1993 limatissimi
1312 1952 1561 1995 adhibueris

78 2023 278 2074 officium,
313 2023 349 2064 si
381 2022 490 2064 forte
524 2023 777 2075 quibusdam
800 2023 842 2063 in
865 2023 970 2064 locis
1003 2035 1101 2063 mox
1129 2022 1452 2064 adstomachum
1475 2037 1559 2065 non

78 2095 218 2136 faciet.
237 2095 331 2135 Tua
348 2100 491 2135 tamen
509 2094 640 2135 nihilo
657 2094 797 2135 secius
814 2094 1098 2136 reverendiss.
1116 2095 1194 2135 Do.
1210 2095 1388 2148 primam
1409 2095 1559 2136 saltem

77 2166 292 2220 pagellam
316 2165 519 2219 pellegat.
550 2165 678 2206 Plura
705 2165 804 2206 dum
825 2179 902 2219 per
924 2166 1061 2206 ocium
1085 2166 1317 2207 literarium
1338 2166 1483 2208 licebit
1506 2166 1560 2207 de

77 2250 157 2287 me,
190 2238 231 2277 in
265 2237 325 2277 tui
357 2236 539 2277 nominis
573 2237 867 2277 aeternitatem
903 2243 1153 2278 moraturus.
1186 2237 1304 2278 Vale.

692 2400 938 2456 Viyilantz'a.

194 2520 468 2574 Vigilantiam
501 2520 536 2561 si
556 2520 665 2561 forte
689 2520 926 2561 mortalium
951 2521 1094 2573 aliqui,
1128 2534 1213 2562 11011
1247 2535 1299 2561 ex
1327 2521 1557 2574 pigmentis

76 2598 321 2633 veterumue
354 2591 526 2642 tabulis,
561 2604 637 2632 seu
672 2591 892 2643 quibusvis
924 2591 1116 2645 Apelleis
1139 2591 1397 2644 imaginibus
1420 2605 1442 2632 0
1467 2591 1554 2643 qui-

74 2663 169 2715 bus,
188 2668 260 2703 aut
274 2662 575 2715 Pythagoram,
591 2661 877 2714 Aristotelem,
895 2662 1124 2714 divinaque
1139 2675 1321 2703 censura
1337 2662 1552 2707 Catonem,

76 2747 169 2775 cum
202 2746 346 2774 eorum
389 2737 585 2774 tenerent
628 2733 870 2787 imaginem,
916 2733 1192 2784 imitarentur,
1236 2734 1364 2786 longe
1398 2739 1555 2784 tamen,

75 2803 338 2845 anfractibus
372 2804 522 2855 deuiis,
557 2803 671 2856 quod
703 2804 974 2857 symulachro
1009 2804 1232 2845 deviantes
1256 2804 1458 2845 ambiunt.
1490 2804 1555 2844 En

75 2875 226 2916 adsum
269 2888 407 2916 rerum
451 2887 640 2916 mearum
672 2875 864 2929 provida,
903 2875 1210 2929 poenitentiam
1244 2888 1382 2916 seram
1415 2888 1555 2915 rerum

75 2945 373 2988 consultricem
418 2946 496 2987 abs
540 2959 607 2987 me
642 2947 848 3001 propello,
894 2946 1040 3000 procul
1079 2959 1219 3000 apage
1254 2946 1289 2987 si
1323 2945 1423 2998 quid
1456 2959 1554 2987 con-
