1898 3278
1554 176 1601 208 85

121 321 306 361 animum
339 319 805 373 incomparabilemque
843 318 1186 359 benevolentiam
1220 332 1350 373 posse
1384 318 1604 360 declarari.

123 390 245 440 Quod
279 391 313 431 si
359 389 581 432 commode
626 388 718 430 fieri
751 395 912 443 posset,
958 389 1018 429 uti
1051 402 1144 430 cum
1190 390 1380 430 ministro
1413 395 1485 430 tuo
1523 388 1607 430 huc

120 461 189 502 vel
222 474 384 515 paucos
418 461 511 502 dies
544 460 764 512 migrares,
798 459 983 500 futurum
1019 473 1158 513 spero,
1201 467 1247 501 ut
1279 461 1371 501 eius
1405 459 1533 500 saluti
1565 466 1607 501 et

121 545 215 572 meo
249 538 347 573 voto
381 545 505 584 quam
539 531 721 572 maxime
756 524 998 571 consultum
1030 531 1307 583 intelligeres.
1341 531 1481 584 Agria.

374 662 412 701 p.
447 646 514 690 86.
566 645 736 689 Caelius
775 647 866 689 Cal.
902 647 1058 689 Jacobo
1091 647 1279 702 Zieylero
1314 648 1356 689 S.

239 775 247 783 .
271 776 276 782 .
302 774 310 781 .
334 742 514 784 Ursinus
535 743 698 783 accitus
721 756 746 783 a
766 743 958 796 principe
982 743 1189 783 curriculo
1211 743 1352 784 isthuc
1371 756 1416 784 se
1434 744 1606 797 recepit.

122 814 345 855 Hominem
389 820 488 854 ante
534 826 754 854 recessum
787 814 948 866 alloqui
986 827 1070 854 non
1103 814 1244 867 potui;
1292 823 1417 867 spero
1450 820 1607 860 tamen,

123 898 231 938 quae
254 885 367 925 illius
389 890 455 925 est
471 884 730 935 humanitas,
751 885 786 925 si
804 898 900 925 eum
919 885 1220 938 appellaveris,
1245 898 1419 938 operam
1443 898 1609 926 omnem

122 955 198 996 tibi
231 961 359 1008 atque
394 968 523 1008 aegro
558 955 749 996 ministro
782 961 854 996 tuo
889 964 1156 1006 navaturum,
1197 955 1449 1009 praesertim
1485 969 1609 1008 quom

121 1040 188 1068 me
211 1026 294 1068 hoc
320 1026 488 1067 nomine
512 1026 695 1068 maxime
719 1040 846 1080 posse
871 1027 1079 1080 obstringi
1098 1027 1321 1079 intelligat.
1355 1026 1421 1067 Ad
1439 1027 1610 1080 amplis-

124 1097 273 1138 simum
319 1097 564 1137 antistetem
598 1096 846 1138 Vatiensem
881 1098 1035 1149 scribo,
1076 1104 1121 1138 ut
1152 1104 1197 1138 tu
1231 1105 1272 1138 et
1305 1098 1537 1152 prudenter
1570 1105 1611 1139 et

124 1169 258 1210 amice
291 1181 454 1219 mones,
500 1168 759 1221 hospitiique
805 1168 1092 1209 conditionem
1137 1170 1301 1222 accipio
1335 1170 1501 1222 quoties
1544 1183 1610 1210 me

122 1240 231 1280 istuc
278 1240 510 1289 contulero,
559 1239 679 1280 cuius
725 1252 857 1280 causa
900 1240 984 1293 ipsi
1017 1240 1191 1280 multam
1237 1241 1417 1293 gratiam
1454 1240 1609 1282 habeo.

122 1310 361 1351 Ridiculum
407 1309 621 1362 quoddam
655 1311 904 1364 oposculum
942 1324 1026 1351 non
1060 1311 1217 1352 multae
1250 1311 1311 1351 rei
1345 1324 1480 1364 nuper
1512 1324 1610 1352 con-

124 1381 235 1432 didi;
269 1381 409 1434 cogito
443 1381 497 1422 ad
530 1381 648 1422 illum
682 1382 847 1422 mittere
880 1382 923 1422 in
957 1382 1258 1423 observantiae
1287 1388 1329 1423 et
1349 1383 1505 1423 amoris
1529 1382 1611 1423 mei

124 1452 425 1503 testimonium,
462 1452 497 1493 si
523 1459 567 1493 tu
591 1453 673 1493 hoc
705 1453 907 1494 indicium
938 1466 1078 1494 meum
1110 1453 1373 1506 probaveris.
1408 1453 1610 1494 Rescribe

123 1524 250 1578 igitur
283 1529 482 1565 actutum.
515 1523 611 1564 Non
643 1531 745 1577 puto
778 1524 938 1565 homini
970 1524 1183 1577 ingratum
1215 1524 1307 1565 fore
1341 1524 1376 1565 si
1409 1537 1493 1565 non
1527 1524 1612 1565 alia

125 1608 269 1645 causa,
315 1595 397 1636 hoc
442 1608 526 1636 uno
572 1596 724 1636 saltem
758 1596 1007 1649 patrocinio,
1055 1595 1169 1648 quod
1202 1595 1293 1636 eius
1333 1595 1611 1649 gravissimas

125 1666 444 1720 occupationes,
491 1667 642 1707 sinon
689 1673 896 1720 exterget,
944 1667 1011 1720 qui
1048 1667 1159 1709 enim
1204 1667 1286 1708 hoc
1319 1666 1409 1707 fieri
1455 1673 1610 1719 potest,

124 1736 284 1778 levabit
317 1737 468 1778 saltem
502 1743 575 1778 aut
607 1738 918 1779 remorabitur.
946 1771 985 1779 ..
1020 1738 1163 1791 Agria.

155 1869 195 1909 p.
229 1853 298 1897 86.
342 1854 513 1896 Caelius
551 1855 638 1897 Cal.
674 1855 1042 1897 Revereozclissimo
1075 1855 1284 1908 Episcopo
1316 1855 1507 1897 Vatiensz'
1539 1854 1582 1912 S.

245 1949 380 1999 Quom
414 1950 798 1991 animadverterem
838 1951 1104 2003 gravioribus
1138 1957 1178 1992 te
1218 1951 1260 1991 in
1294 1950 1385 1992 dies
1427 1950 1612 2003 negotiis

125 2021 267 2074 urgeri
301 2029 342 2062 et
374 2021 557 2062 maiores
591 2035 716 2063 curas
746 2022 933 2075 undique
958 2023 1323 2075 circumstrepere,
1347 2022 1452 2062 nihil
1474 2021 1612 2062 minus

127 2092 331 2146 putabam
365 2092 502 2133 curari
535 2092 613 2134 abs
640 2099 696 2144 te,
733 2107 860 2146 quam
884 2093 1026 2134 studia
1049 2093 1157 2135 haec
1178 2094 1402 2144 nostratia,
1427 2106 1613 2134 omnem·

127 2176 208 2215 que
242 2162 318 2203 tibi
349 2176 523 2216 prorsus
559 2163 692 2205 Caelii
725 2164 785 2205 tui
817 2164 1064 2205 memoriam
1110 2164 1323 2205 excidisse
1362 2164 1611 2206 arbitrabar.

128 2233 248 2283 Quae
293 2246 390 2274 mea
434 2234 577 2287 opinio
625 2234 841 2287 effecerat,
888 2241 933 2275 ut
977 2235 1060 2275 iam
1107 2235 1201 2276 dies
1245 2236 1463 2289 plusculos
1496 2235 1537 2275 in
1571 2242 1612 2276 te

128 2304 307 2346 colendo
341 2318 392 2347 ac
425 2305 652 2347 salutando
687 2306 837 2347 fuerim
882 2307 1013 2347 multo
1047 2306 1346 2359 negligentior,
1386 2319 1510 2359 quam
1545 2306 1614 2346 vel

127 2376 363 2417 institutum
408 2377 477 2417 vel
509 2390 647 2417 meam
681 2391 887 2418 summam
933 2377 1252 2418 observantiam
1298 2376 1484 2418 deceret.
1533 2377 1612 2417 Im-

128 2447 306 2500 probum
340 2447 451 2488 enim
484 2447 688 2500 putabam
723 2448 835 2489 seria
869 2455 1067 2501 agentem
1093 2456 1135 2489 et
1157 2449 1265 2489 tanti
1285 2448 1408 2501 regni
1430 2448 1472 2488 in
1495 2454 1612 2488 tanto

128 2517 316 2570 periculo
351 2518 566 2559 constituti
611 2519 791 2559 salutem
826 2526 1124 2573 procurantem
1159 2532 1366 2569 avocare;
1414 2530 1613 2570 eramque

128 2587 295 2629 futurus
328 2589 370 2629 in
398 2590 617 2642 proposito
651 2589 823 2640 diutius,
858 2590 940 2631 nisi
963 2590 1316 2643 supervenissent
1338 2590 1440 2631 mihi
1462 2602 1613 2642 nuper-

129 2659 231 2700 rime
277 2660 570 2713 optatissimae
617 2661 766 2701 literae
811 2660 963 2702 Jacobi
995 2660 1153 2713 Zigleri
1191 2660 1411 2701 familiaris
1445 2661 1517 2701 tui.
1566 2660 1614 2700 In

130 2743 212 2781 quo
244 2744 327 2771 uno
362 2731 462 2783 quid
495 2731 610 2785 prius
644 2732 770 2772 mirer
802 2745 886 2772 11011
920 2731 1073 2781 habeo,
1108 2732 1369 2772 literaturam
1399 2744 1452 2772 an
1474 2730 1614 2784 probi—

129 2806 274 2852 tatem,
308 2801 553 2843 facundiam
578 2816 631 2843 an
654 2803 967 2843 reconditarum
993 2802 1143 2843 artium
1167 2802 1385 2856 peritiam;
1421 2802 1613 2856 profecto

71 2902 74 2905 -
130 2879 174 2913 ut
208 2885 258 2913 eo
290 2872 417 2913 facile
451 2873 641 2914 Platonis
674 2873 777 2914 illud
801 2872 978 2925 agnosci
1001 2873 1150 2926 possit,
1179 2873 1328 2925 quales
1351 2873 1433 2914 sint
1457 2872 1615 2914 domini

120 2944 240 2984 tales
274 2944 477 2984 castellos
511 2956 608 2984 esse
655 2944 943 2985 consvevisse.
992 2944 1067 2984 Ille
1101 2956 1201 2985 vero
1234 2957 1300 2984 me
1334 2951 1405 2985 tuo
1445 2944 1613 2985 nomine
