1919 3273
302 105 370 139 500

449 250 503 292 Ut
528 256 603 291 tua
621 263 694 292 rus
716 250 887 305 sapiant
909 264 994 292 non
1016 251 1166 292 urbem
1198 252 1344 304 verba,
1379 266 1459 295 nec
1479 266 1664 306 unquam

509 321 694 363 Mellitos
726 322 895 376 possint
927 335 999 363 ore
1034 322 1146 364 ciere
1180 323 1344 365 modos.

452 393 497 435 Si
526 393 604 435 tibi
636 394 877 435 consultum
910 408 977 435 me
1010 394 1150 436 iudice
1185 396 1391 450 concupis
1425 409 1529 449 ergo

511 464 545 506 Ο
578 478 697 519 puer,
732 471 774 506 et
805 465 995 519 phrasim
1028 479 1209 507 noscere
1242 467 1321 508 rite
1354 467 1492 519 voles,

448 536 539 578 Hoc
572 549 680 590 opus
714 537 882 578 exculto
917 543 1162 578 contextum
1196 551 1328 592 saepe
1361 538 1511 592 lepore

507 608 691 661 Perlege
724 608 925 650 continuo
958 608 1141 662 plurima
1173 608 1287 650 dona
1319 609 1448 652 feres.

299 849 425 885 Loca
442 848 660 895 ignorata
676 847 904 883 hactenus
922 847 972 883 in
990 847 1095 884 Ibin
1111 847 1263 884 Ovidii
1281 848 1330 884 in
1352 849 1524 886 officiis
1544 849 1796 894 Ciceronis,

300 913 350 950 in
375 913 586 960 Virgilio,
612 913 664 949 in
691 912 887 958 Tibullo,
916 915 963 949 et
987 913 1095 949 loca
1123 913 1331 949 aliorum.
1371 914 1560 951 Pontici
1587 915 1795 963 Sylvae.¹

299 1026 370 1067 fol.
396 1025 491 1068 14b.
523 1024 730 1066 Ponticus
759 1023 970 1066 Vtrumus
996 1024 1226 1066 lefacldaeo
1258 1025 1444 1080 Uyoletto
1480 1025 1524 1068 S.
1557 1025 1792 1077 infinitam.

419 1133 611 1186 Insignia
655 1132 861 1173 maiorum
906 1138 1073 1173 tuorum
1107 1139 1149 1173 et
1185 1132 1433 1184 affabilitas,
1480 1133 1695 1187 animique
1733 1134 1796 1175 tui

299 1218 439 1247 mores
484 1204 738 1245 nobilissimi
771 1210 814 1245 et
846 1203 967 1245 dolor
1011 1204 1172 1258 pariter
1214 1205 1286 1245 ille
1319 1210 1417 1245 tuus
1461 1205 1792 1259 sempithernus‚

299 1277 352 1318 ob
386 1282 563 1317 mortem
596 1275 801 1316 Matthiae
835 1275 950 1329 regis
984 1275 1297 1329 Hungarorum,
1345 1276 1412 1317 cui
1446 1289 1541 1317 eras
1576 1282 1618 1318 et
1649 1277 1795 1318 latinis

300 1355 341 1390 et
386 1348 554 1401 graecis
596 1346 817 1388 codicibus
862 1347 904 1387 in
938 1346 1147 1400 erigenda
1190 1347 1414 1388 academia
1453 1347 1719 1402 amplissima
1750 1348 1794 1389 in

298 1419 532 1461 Posidonia
563 1417 606 1459 id
641 1424 706 1459 est
738 1418 935 1470 Possoni,
970 1418 1026 1459 ad
1056 1418 1336 1459 centesimum
1368 1418 1556 1472 lapidem
1580 1419 1636 1460 ad
1667 1419 1793 1460 Blae-

300 1491 398 1533 dam
424 1490 468 1531 id
492 1496 557 1531 est
589 1489 754 1531 Budam
787 1490 916 1543 vulgo
947 1490 1109 1541 urbem,
1143 1490 1186 1530 in
1220 1489 1484 1541 marginibus
1528 1490 1719 1532 Danubii
1750 1490 1795 1532 id

299 1568 365 1604 est
397 1562 513 1604 duna
546 1575 691 1602 eorum
722 1561 884 1615 lingua,
917 1573 1068 1602 versus
1102 1561 1364 1613 Vindelicos,
1400 1561 1470 1614 qui
1498 1575 1612 1603 nunc
1633 1561 1795 1603 Austrii

299 1634 519 1676 dicuntur:
568 1633 684 1674 etin
730 1632 1023 1674 conducendis
1068 1632 1255 1685 undique
1290 1633 1475 1673 omnium
1518 1633 1794 1674 scientiarum

298 1705 435 1747 doctis
480 1705 581 1747 viris
627 1704 823 1745 omnibus
869 1710 911 1745 et
955 1710 1105 1744 auctor
1139 1710 1180 1744 et
1212 1704 1384 1757 legatus
1432 1703 1678 1745 carissimus
1716 1718 1796 1758 per

296 1777 464 1817 Italiam
513 1783 554 1817 et
598 1776 756 1829 ubique
802 1775 1008 1829 gentium.
1065 1774 1170 1824 Quis
1217 1775 1329 1816 enim
1374 1789 1460 1817 non
1506 1774 1651 1816 doleat
1698 1788 1792 1817 011111

297 1849 430 1889 musis
477 1847 724 1901 lugentibus
773 1853 819 1887 ut
865 1846 1038 1901 perierit
1087 1847 1255 1888 aconito
1305 1860 1330 1887 a
1377 1860 1480 1900 rege
1528 1847 1793 1888 Turchorum

296 1920 535 1974 Iustappha
581 1919 651 1960 ille
698 1919 821 1971 quasi
860 1931 969 1959 unus
1021 1918 1128 1959 deus
1175 1917 1394 1959 doctorum
1444 1918 1675 1970 hominum,
1725 1919 1793 1960 0111

297 1998 450 2033 natura
498 1991 679 2032 similem
727 2003 958 2043 numquam
1008 1989 1220 2043 produxit.
1282 1989 1477 2030 Tandem
1525 1990 1638 2031 ultra
1683 1989 1793 2031 haec

298 2063 486 2105 amicitia
533 2068 680 2103 nostra
729 2075 780 2103 ex
829 2061 1124 2103 communibus
1171 2061 1302 2102 musis
1347 2062 1516 2114 graecis
1563 2066 1605 2101 et
1648 2060 1792 2102 latinis

296 2134 459 2176 faciunt
492 2140 537 2175 ut
569 2135 611 2174 in
633 2133 846 2187 profundo
870 2133 1136 2174 miseriarum
1161 2133 1387 2173 attonitum
1412 2138 1454 2173 et
1477 2132 1793 2187 desperationis

296 2220 419 2247 meae
454 2206 697 2259 supplicare
730 2218 976 2257 vovereque
1010 2211 1055 2245 ut
1088 2204 1155 2245 his
1179 2204 1401 2246 versiculis
1426 2204 1549 2257 quasi
1572 2203 1792 2257 epitaphio

294 2278 339 2318 in
371 2277 571 2318 feriarum
608 2290 660 2317 ex
693 2276 840 2317 dolore
873 2276 1103 2330 praecipiti
1150 2277 1315 2317 calamo
1363 2275 1525 2327 effusis,
1570 2288 1656 2316 una
1696 2287 1792 2316 cum

295 2348 498 2390 Anselmo
553 2354 699 2388 nostro
749 2347 862 2388 omni
908 2347 1050 2387 laudis
1100 2359 1260 2400 genere
1309 2345 1701 2387 accumulatissimo
1750 2351 1792 2385 et

294 2418 561 2461 beatitudine
607 2432 823 2460 musarum
869 2431 1009 2472 poene
1056 2418 1198 2460 divino
1233 2417 1288 2458 ad
1321 2418 1526 2471 templum
1570 2416 1791 2457 Trinitatis

295 2497 418 2545 porta
468 2491 739 2531 Brixellanae
787 2490 829 2530 in
874 2490 1029 2530 Parma
1074 2489 1178 2530 urbe
1224 2496 1297 2530 tna
1344 2488 1605 2530 Nicandrum
1650 2501 1789 2529 meum

295 2562 464 2603 unicum
500 2561 600 2602 dum
634 2561 688 2602 ad
723 2568 764 2602 te
798 2574 970 2612 venero,
1005 2561 1147 2613 quint
1180 2560 1281 2600 mihi
1309 2559 1552 2614 persuadeo
1577 2572 1671 2600 cum
1695 2558 1790 2599 aliis

293 2634 440 2687 pueris
471 2633 514 2674 in
548 2633 805 2673 coemeterio
850 2646 1079 2686 puerorum
1124 2632 1307 2686 puerilia
1338 2632 1397 2673 ibi
1431 2644 1563 2685 saepe
1607 2630 1714 2671 ludit
1748 2636 1790 2670 et

435 2784 444 2803 ¹
485 2784 585 2829 Igazi
623 2782 834 2828 veszteseg,
872 2784 973 2828 hogy
1003 2794 1021 2817 e
1047 2783 1177 2817 felette
1217 2781 1372 2817 erdekes
1411 2781 1574 2816 levelhez
1613 2781 1789 2825 hianyzik

293 2835 390 2878 Abel
413 2845 599 2889 jegyzete.
630 2843 771 2888 Matyas
798 2843 914 2887 kiraly
941 2842 1079 2876 halalat
1104 2842 1227 2877 surcsa
1249 2842 1406 2876 alakban
1424 2839 1561 2875 to'rtent
1580 2839 1786 2885 mergezes-

293 2904 366 2938 nek
391 2904 637 2948 tulajdonitja.
