<?xml version="1.0" encoding="UTF-8"?>
<!DOCTYPE html PUBLIC "-//W3C//DTD XHTML 1.0 Transitional//EN"
    "http://www.w3.org/TR/xhtml1/DTD/xhtml1-transitional.dtd">
<html xmlns="http://www.w3.org/1999/xhtml" xml:lang="en" lang="en">
 <head>
  <title>
</title>
<meta http-equiv="Content-Type" content="text/html;charset=utf-8" />
  <meta name='ocr-system' content='tesseract 3.04.00' />
  <meta name='ocr-capabilities' content='ocr_page ocr_carea ocr_par ocr_line ocrx_word'/>
</head>
<body>
  <div class='ocr_page' id='page_1' title='image "analectanovaadhi00beuoft_0418.png"; bbox 0 0 1919 3273; ppageno 0'>
   <div class='ocr_carea' id='block_1_1' title="bbox 320 116 389 151">
    <p class='ocr_par' dir='ltr' id='par_1_1' title="bbox 320 116 389 151">
     <span class='ocr_line' id='line_1_1' title="bbox 320 116 389 151; baseline 0.014 -1"><span class='ocrx_word' id='word_1_1' title='bbox 320 116 389 151; x_wconf 81' lang='lat'><strong>376</strong></span> 
     </span>
    </p>
   </div>
   <div class='ocr_carea' id='block_1_2' title="bbox 405 642 448 677">
    <p class='ocr_par' dir='ltr' id='par_1_2' title="bbox 405 642 448 677">
     <span class='ocr_line' id='line_1_2' title="bbox 405 642 448 677; baseline 0.023 -1"><span class='ocrx_word' id='word_1_2' title='bbox 405 642 448 677; x_wconf 91' lang='grc'><strong>10</strong></span> 
     </span>
    </p>
   </div>
   <div class='ocr_carea' id='block_1_3' title="bbox 406 1019 448 1051">
    <p class='ocr_par' dir='ltr' id='par_1_3' title="bbox 406 1019 448 1051">
     <span class='ocr_line' id='line_1_3' title="bbox 406 1019 448 1051; baseline 0 0"><span class='ocrx_word' id='word_1_3' title='bbox 406 1019 448 1051; x_wconf 87' lang='grc'><strong>15</strong></span> 
     </span>
    </p>
   </div>
   <div class='ocr_carea' id='block_1_4' title="bbox 406 1394 449 1428">
    <p class='ocr_par' dir='ltr' id='par_1_4' title="bbox 406 1394 449 1428">
     <span class='ocr_line' id='line_1_4' title="bbox 406 1394 449 1428; baseline 0.023 -1"><span class='ocrx_word' id='word_1_4' title='bbox 406 1394 449 1428; x_wconf 84' lang='grc'><strong>20</strong></span> 
     </span>
    </p>
   </div>
   <div class='ocr_carea' id='block_1_5' title="bbox 408 1787 450 1820">
    <p class='ocr_par' dir='ltr' id='par_1_5' title="bbox 408 1787 450 1820">
     <span class='ocr_line' id='line_1_5' title="bbox 408 1787 450 1820; baseline 0 0"><span class='ocrx_word' id='word_1_5' title='bbox 408 1787 450 1820; x_wconf 83' lang='grc'><strong>25</strong></span> 
     </span>
    </p>
   </div>
   <div class='ocr_carea' id='block_1_6' title="bbox 409 2162 453 2196">
    <p class='ocr_par' dir='ltr' id='par_1_6' title="bbox 409 2162 453 2196">
     <span class='ocr_line' id='line_1_6' title="bbox 409 2162 453 2196; baseline 0.023 -1"><span class='ocrx_word' id='word_1_6' title='bbox 409 2162 453 2196; x_wconf 86' lang='grc'><strong>30</strong></span> 
     </span>
    </p>
   </div>
   <div class='ocr_carea' id='block_1_7' title="bbox 411 2538 454 2571">
    <p class='ocr_par' dir='ltr' id='par_1_7' title="bbox 411 2538 454 2571">
     <span class='ocr_line' id='line_1_7' title="bbox 411 2538 454 2571; baseline 0 0"><span class='ocrx_word' id='word_1_7' title='bbox 411 2538 454 2571; x_wconf 86' lang='grc'><strong>35</strong></span> 
     </span>
    </p>
   </div>
   <div class='ocr_carea' id='block_1_8' title="bbox 412 2910 457 2944">
    <p class='ocr_par' dir='ltr' id='par_1_8' title="bbox 412 2910 457 2944">
     <span class='ocr_line' id='line_1_8' title="bbox 412 2910 457 2944; baseline 0.022 -1"><span class='ocrx_word' id='word_1_8' title='bbox 412 2910 457 2944; x_wconf 83' lang='grc'><strong>40</strong></span> 
     </span>
    </p>
   </div>
   <div class='ocr_carea' id='block_1_9' title="bbox 533 258 1414 525">
    <p class='ocr_par' dir='ltr' id='par_1_9' title="bbox 533 258 1414 454">
     <span class='ocr_line' id='line_1_9' title="bbox 533 258 1293 301; baseline -0.001 -1"><span class='ocrx_word' id='word_1_9' title='bbox 533 259 756 301; x_wconf 84' lang='lat' dir='ltr'><strong>Victimam</strong></span> <span class='ocrx_word' id='word_1_10' title='bbox 790 258 925 300; x_wconf 89' lang='lat' dir='ltr'><strong>debes</strong></span> <span class='ocrx_word' id='word_1_11' title='bbox 960 258 1087 300; x_wconf 88' lang='lat' dir='ltr'><strong>etiam</strong></span> <span class='ocrx_word' id='word_1_12' title='bbox 1122 271 1293 300; x_wconf 85' lang='lat' dir='ltr'><strong>sacrare</strong></span> 
     </span>
     <span class='ocr_line' id='line_1_10' title="bbox 605 328 1414 384; baseline -0.002 -13"><span class='ocrx_word' id='word_1_13' title='bbox 605 329 843 371; x_wconf 86' lang='lat' dir='ltr'><strong>Candidam</strong></span> <span class='ocrx_word' id='word_1_14' title='bbox 875 329 993 384; x_wconf 85' lang='lat' dir='ltr'><strong>puris</strong></span> <span class='ocrx_word' id='word_1_15' title='bbox 1026 342 1211 384; x_wconf 84' lang='lat' dir='ltr'><strong>operosa</strong></span> <span class='ocrx_word' id='word_1_16' title='bbox 1243 328 1414 383; x_wconf 82' lang='lat' dir='ltr'><strong>templis</strong></span> 
     </span>
     <span class='ocr_line' id='line_1_11' title="bbox 603 399 1364 454; baseline -0.001 -12"><span class='ocrx_word' id='word_1_17' title='bbox 603 401 656 442; x_wconf 87' lang='lat' dir='ltr'><strong>Et</strong></span> <span class='ocrx_word' id='word_1_18' title='bbox 687 400 809 442; x_wconf 85' lang='lat' dir='ltr'><strong>focos</strong></span> <span class='ocrx_word' id='word_1_19' title='bbox 841 400 962 454; x_wconf 90' lang='lat' dir='ltr'><strong>largo</strong></span> <span class='ocrx_word' id='word_1_20' title='bbox 997 401 1214 442; x_wconf 87' lang='lat' dir='ltr'><strong>cumulare</strong></span> <span class='ocrx_word' id='word_1_21' title='bbox 1246 399 1364 441; x_wconf 88' lang='lat' dir='ltr'><strong>fumo</strong></span> 
     </span>
    </p>

    <p class='ocr_par' dir='ltr' id='par_1_10' title="bbox 664 470 1027 525">
     <span class='ocr_line' id='line_1_12' title="bbox 664 470 1027 525; baseline -0.003 -12"><span class='ocrx_word' id='word_1_22' title='bbox 664 470 884 525; x_wconf 78' lang='lat' dir='ltr'>Sanguine</span> <span class='ocrx_word' id='word_1_23' title='bbox 917 470 1027 512; x_wconf 88' lang='lat' dir='ltr'><strong>fuso.</strong></span> 
     </span>
    </p>
   </div>
   <div class='ocr_carea' id='block_1_10' title="bbox 533 558 1471 827">
    <p class='ocr_par' dir='ltr' id='par_1_11' title="bbox 533 558 1471 755">
     <span class='ocr_line' id='line_1_13' title="bbox 533 558 1318 615; baseline -0.003 -13"><span class='ocrx_word' id='word_1_24' title='bbox 533 561 633 615; x_wconf 87' lang='lat' dir='ltr'><strong>Egit</strong></span> <span class='ocrx_word' id='word_1_25' title='bbox 664 574 720 602; x_wconf 82' lang='lat' dir='ltr'><strong>an</strong></span> <span class='ocrx_word' id='word_1_26' title='bbox 752 560 894 602; x_wconf 89' lang='lat' dir='ltr'><strong>nescis</strong></span> <span class='ocrx_word' id='word_1_27' title='bbox 928 560 1081 602; x_wconf 90' lang='lat' dir='ltr'><strong>melius</strong></span> <span class='ocrx_word' id='word_1_28' title='bbox 1114 558 1318 601; x_wconf 88' lang='lat' dir='ltr'><strong>merendo</strong></span> 
     </span>
     <span class='ocr_line' id='line_1_14' title="bbox 606 630 1471 682; baseline -0.002 -8"><span class='ocrx_word' id='word_1_29' title='bbox 606 630 754 682; x_wconf 76' lang='lat' dir='ltr'><strong>Quid?</strong></span> <span class='ocrx_word' id='word_1_30' title='bbox 787 631 903 673; x_wconf 89' lang='lat' dir='ltr'><strong>feros</strong></span> <span class='ocrx_word' id='word_1_31' title='bbox 935 631 1045 673; x_wconf 88' lang='lat' dir='ltr'><strong>fudit</strong></span> <span class='ocrx_word' id='word_1_32' title='bbox 1077 631 1287 673; x_wconf 87' lang='lat' dir='ltr'><strong>violenter</strong></span> <span class='ocrx_word' id='word_1_33' title='bbox 1319 630 1471 672; x_wconf 88' lang='lat' dir='ltr'><strong>hostes</strong></span> 
     </span>
     <span class='ocr_line' id='line_1_15' title="bbox 605 701 1432 755; baseline -0.004 -10"><span class='ocrx_word' id='word_1_34' title='bbox 605 703 836 745; x_wconf 84' lang='lat' dir='ltr'><strong>Caesarem</strong></span> <span class='ocrx_word' id='word_1_35' title='bbox 869 702 1022 744; x_wconf 74' lang='lat' dir='ltr'><strong>dextra</strong></span> <span class='ocrx_word' id='word_1_36' title='bbox 1055 701 1286 755; x_wconf 86' lang='lat' dir='ltr'><strong>validaque</strong></span> <span class='ocrx_word' id='word_1_37' title='bbox 1319 702 1432 752; x_wconf 72' lang='lat' dir='ltr'><strong>vicit,</strong></span> 
     </span>
    </p>

    <p class='ocr_par' dir='ltr' id='par_1_12' title="bbox 664 774 1118 827">
     <span class='ocr_line' id='line_1_16' title="bbox 664 774 1118 827; baseline -0.004 -11"><span class='ocrx_word' id='word_1_38' title='bbox 664 774 817 816; x_wconf 85' lang='lat' dir='ltr'><strong>Castra</strong></span> <span class='ocrx_word' id='word_1_39' title='bbox 849 779 1118 827; x_wconf 80' lang='lat' dir='ltr'><strong>sequentem.</strong></span> 
     </span>
    </p>
   </div>
   <div class='ocr_carea' id='block_1_11' title="bbox 532 862 1471 1132">
    <p class='ocr_par' dir='ltr' id='par_1_13' title="bbox 532 862 1471 1061">
     <span class='ocr_line' id='line_1_17' title="bbox 532 862 1294 916; baseline -0.003 -10"><span class='ocrx_word' id='word_1_40' title='bbox 532 863 727 906; x_wconf 82' lang='lat' dir='ltr'><strong>Perdidit</strong></span> <span class='ocrx_word' id='word_1_41' title='bbox 760 877 926 905; x_wconf 85' lang='lat' dir='ltr'><strong>sacram</strong></span> <span class='ocrx_word' id='word_1_42' title='bbox 959 867 1188 916; x_wconf 85' lang='lat' dir='ltr'><strong>superatus</strong></span> <span class='ocrx_word' id='word_1_43' title='bbox 1221 862 1294 904; x_wconf 93' lang='lat' dir='ltr'><strong>illo</strong></span> 
     </span>
     <span class='ocr_line' id='line_1_18' title="bbox 605 933 1471 985; baseline -0.003 -8"><span class='ocrx_word' id='word_1_44' title='bbox 605 936 817 977; x_wconf 86' lang='lat' dir='ltr'><strong>Lauream</strong></span> <span class='ocrx_word' id='word_1_45' title='bbox 851 934 1026 985; x_wconf 82' lang='lat' dir='ltr'><strong>Caesar,</strong></span> <span class='ocrx_word' id='word_1_46' title='bbox 1061 933 1261 975; x_wconf 86' lang='lat' dir='ltr'><strong>diadema</strong></span> <span class='ocrx_word' id='word_1_47' title='bbox 1293 933 1471 985; x_wconf 85' lang='lat' dir='ltr'><strong>fulvum,</strong></span> 
     </span>
     <span class='ocr_line' id='line_1_19' title="bbox 605 1004 1357 1061; baseline -0.005 -12"><span class='ocrx_word' id='word_1_48' title='bbox 605 1007 659 1049; x_wconf 88' lang='lat' dir='ltr'><strong>Et</strong></span> <span class='ocrx_word' id='word_1_49' title='bbox 690 1011 835 1061; x_wconf 87' lang='lat' dir='ltr'><strong>potest</strong></span> <span class='ocrx_word' id='word_1_50' title='bbox 866 1005 983 1048; x_wconf 91' lang='lat' dir='ltr'><strong>nullo</strong></span> <span class='ocrx_word' id='word_1_51' title='bbox 1016 1004 1168 1046; x_wconf 85' lang='lat' dir='ltr'><strong>redimi</strong></span> <span class='ocrx_word' id='word_1_52' title='bbox 1201 1004 1357 1047; x_wconf 89' lang='lat' dir='ltr'><strong>decore</strong></span> 
     </span>
    </p>

    <p class='ocr_par' dir='ltr' id='par_1_14' title="bbox 663 1076 1008 1132">
     <span class='ocr_line' id='line_1_20' title="bbox 663 1076 1008 1132; baseline -0.006 -14"><span class='ocrx_word' id='word_1_53' title='bbox 663 1077 864 1132; x_wconf 80' lang='lat' dir='ltr'><strong>Principe</strong></span> <span class='ocrx_word' id='word_1_54' title='bbox 896 1076 1008 1118; x_wconf 91' lang='lat' dir='ltr'><strong>forti.</strong></span> 
     </span>
    </p>
   </div>
   <div class='ocr_carea' id='block_1_12' title="bbox 532 1165 1459 1423">
    <p class='ocr_par' dir='ltr' id='par_1_15' title="bbox 532 1165 1459 1363">
     <span class='ocr_line' id='line_1_21' title="bbox 532 1165 1399 1217; baseline -0.005 -7"><span class='ocrx_word' id='word_1_55' title='bbox 532 1168 623 1210; x_wconf 88' lang='lat' dir='ltr'><strong>Nos</strong></span> <span class='ocrx_word' id='word_1_56' title='bbox 655 1168 766 1209; x_wconf 89' lang='lat' dir='ltr'><strong>Duci</strong></span> <span class='ocrx_word' id='word_1_57' title='bbox 799 1180 965 1208; x_wconf 91' lang='lat' dir='ltr'><strong>currum</strong></span> <span class='ocrx_word' id='word_1_58' title='bbox 1000 1165 1197 1207; x_wconf 86' lang='lat' dir='ltr'><strong>dedimus</strong></span> <span class='ocrx_word' id='word_1_59' title='bbox 1231 1178 1399 1217; x_wconf 74' lang='lat' dir='ltr'><strong>sereno,</strong></span> 
     </span>
     <span class='ocr_line' id='line_1_22' title="bbox 605 1237 1459 1291; baseline -0.004 -11"><span class='ocrx_word' id='word_1_60' title='bbox 605 1239 796 1290; x_wconf 77' lang='lat' dir='ltr'><strong>Quatuor</strong></span> <span class='ocrx_word' id='word_1_61' title='bbox 827 1244 998 1281; x_wconf 88' lang='lat' dir='ltr'><strong>vectum</strong></span> <span class='ocrx_word' id='word_1_62' title='bbox 1032 1237 1169 1279; x_wconf 89' lang='lat' dir='ltr'><strong>niveis</strong></span> <span class='ocrx_word' id='word_1_63' title='bbox 1202 1250 1279 1291; x_wconf 90' lang='lat' dir='ltr'><strong>per</strong></span> <span class='ocrx_word' id='word_1_64' title='bbox 1311 1237 1459 1278; x_wconf 88' lang='lat' dir='ltr'><strong>urbem</strong></span> 
     </span>
     <span class='ocr_line' id='line_1_23' title="bbox 607 1309 1385 1363; baseline -0.005 -10"><span class='ocrx_word' id='word_1_65' title='bbox 607 1311 678 1353; x_wconf 84' lang='lat' dir='ltr'><strong>Sic</strong></span> <span class='ocrx_word' id='word_1_66' title='bbox 712 1310 847 1363; x_wconf 76' lang='lat' dir='ltr'><strong>equis,</strong></span> <span class='ocrx_word' id='word_1_67' title='bbox 881 1315 970 1351; x_wconf 87' lang='lat' dir='ltr'><strong>toto</strong></span> <span class='ocrx_word' id='word_1_68' title='bbox 1002 1309 1163 1363; x_wconf 89' lang='lat' dir='ltr'><strong>populo</strong></span> <span class='ocrx_word' id='word_1_69' title='bbox 1196 1309 1385 1350; x_wconf 89' lang='lat' dir='ltr'><strong>recultus</strong></span> 
     </span>
    </p>

    <p class='ocr_par' dir='ltr' id='par_1_16' title="bbox 665 1381 968 1423">
     <span class='ocr_line' id='line_1_24' title="bbox 665 1381 968 1423; baseline 0.003 -1"><span class='ocrx_word' id='word_1_70' title='bbox 665 1382 832 1423; x_wconf 84' lang='lat' dir='ltr'><strong>Aureus</strong></span> <span class='ocrx_word' id='word_1_71' title='bbox 864 1381 968 1423; x_wconf 86' lang='lat' dir='ltr'><strong>ibat.</strong></span> 
     </span>
    </p>
   </div>
   <div class='ocr_carea' id='block_1_13' title="bbox 537 1469 1533 1738">
    <p class='ocr_par' dir='ltr' id='par_1_17' title="bbox 537 1469 1533 1738">
     <span class='ocr_line' id='line_1_25' title="bbox 537 1469 1332 1523; baseline -0.005 -9"><span class='ocrx_word' id='word_1_72' title='bbox 537 1472 665 1514; x_wconf 85' lang='lat' dir='ltr'><strong>Carta</strong></span> <span class='ocrx_word' id='word_1_73' title='bbox 697 1471 963 1513; x_wconf 87' lang='lat' dir='ltr'><strong>demonstrat</strong></span> <span class='ocrx_word' id='word_1_74' title='bbox 996 1470 1163 1512; x_wconf 85' lang='lat' dir='ltr'><strong>variata</strong></span> <span class='ocrx_word' id='word_1_75' title='bbox 1196 1469 1332 1523; x_wconf 86' lang='lat' dir='ltr'><strong>signis</strong></span> 
     </span>
     <span class='ocr_line' id='line_1_26' title="bbox 607 1542 1298 1596; baseline -0.003 -12"><span class='ocrx_word' id='word_1_76' title='bbox 607 1544 661 1585; x_wconf 87' lang='lat' dir='ltr'><strong>Et</strong></span> <span class='ocrx_word' id='word_1_77' title='bbox 693 1542 888 1596; x_wconf 86' lang='lat' dir='ltr'><strong>figuratis</strong></span> <span class='ocrx_word' id='word_1_78' title='bbox 920 1542 1100 1583; x_wconf 84' lang='lat' dir='ltr'><strong>maculis</strong></span> <span class='ocrx_word' id='word_1_79' title='bbox 1136 1547 1298 1593; x_wconf 86' lang='lat' dir='ltr'><strong>notata,</strong></span> 
     </span>
     <span class='ocr_line' id='line_1_27' title="bbox 606 1612 1533 1668; baseline -0.004 -12"><span class='ocrx_word' id='word_1_80' title='bbox 606 1615 738 1668; x_wconf 89' lang='lat' dir='ltr'><strong>Regis</strong></span> <span class='ocrx_word' id='word_1_81' title='bbox 762 1613 997 1656; x_wconf 88' lang='lat' dir='ltr'><strong>ostendens</strong></span> <span class='ocrx_word' id='word_1_82' title='bbox 1031 1613 1245 1654; x_wconf 82' lang='lat' dir='ltr'><strong>celebrem</strong></span> <span class='ocrx_word' id='word_1_83' title='bbox 1272 1612 1533 1666; x_wconf 85' lang='lat' dir='ltr'><strong>triumphum</strong></span> 
     </span>
     <span class='ocr_line' id='line_1_28' title="bbox 666 1685 1084 1738; baseline -0.002 -12"><span class='ocrx_word' id='word_1_84' title='bbox 666 1685 873 1738; x_wconf 83' lang='lat' dir='ltr'><strong>Pictaque</strong></span> <span class='ocrx_word' id='word_1_85' title='bbox 905 1685 1084 1726; x_wconf 86' lang='lat' dir='ltr'><strong>laurum.</strong></span> 
     </span>
    </p>
   </div>
   <div class='ocr_carea' id='block_1_14' title="bbox 539 1774 1439 2043">
    <p class='ocr_par' dir='ltr' id='par_1_18' title="bbox 539 1774 1439 2043">
     <span class='ocr_line' id='line_1_29' title="bbox 539 1774 1243 1828; baseline -0.006 -10"><span class='ocrx_word' id='word_1_86' title='bbox 539 1775 734 1818; x_wconf 87' lang='lat' dir='ltr'><strong>Cernitur</strong></span> <span class='ocrx_word' id='word_1_87' title='bbox 765 1780 854 1817; x_wconf 86' lang='lat' dir='ltr'><strong>toto</strong></span> <span class='ocrx_word' id='word_1_88' title='bbox 888 1774 1021 1817; x_wconf 89' lang='lat' dir='ltr'><strong>veluti</strong></span> <span class='ocrx_word' id='word_1_89' title='bbox 1054 1774 1243 1828; x_wconf 72' lang='lat' dir='ltr'><strong>Myrone,</strong></span> 
     </span>
     <span class='ocr_line' id='line_1_30' title="bbox 607 1846 1275 1899; baseline -0.004 -11"><span class='ocrx_word' id='word_1_90' title='bbox 607 1847 660 1888; x_wconf 88' lang='lat' dir='ltr'><strong>Et</strong></span> <span class='ocrx_word' id='word_1_91' title='bbox 692 1847 889 1888; x_wconf 87' lang='lat' dir='ltr'><strong>laborata</strong></span> <span class='ocrx_word' id='word_1_92' title='bbox 920 1846 1150 1899; x_wconf 81' lang='lat' dir='ltr'><strong>vigilanter</strong></span> <span class='ocrx_word' id='word_1_93' title='bbox 1184 1850 1275 1886; x_wconf 84' lang='lat' dir='ltr'><strong>arte</strong></span> 
     </span>
     <span class='ocr_line' id='line_1_31' title="bbox 608 1915 1439 1972; baseline -0.005 -12"><span class='ocrx_word' id='word_1_94' title='bbox 608 1919 744 1960; x_wconf 82' lang='lat' dir='ltr'><strong>Facta</strong></span> <span class='ocrx_word' id='word_1_95' title='bbox 776 1917 1033 1972; x_wconf 88' lang='lat' dir='ltr'><strong>dependens</strong></span> <span class='ocrx_word' id='word_1_96' title='bbox 1065 1918 1193 1959; x_wconf 85' lang='lat' dir='ltr'><strong>nivea</strong></span> <span class='ocrx_word' id='word_1_97' title='bbox 1227 1915 1439 1969; x_wconf 80' lang='lat' dir='ltr'><strong>quadriga</strong></span> 
     </span>
     <span class='ocr_line' id='line_1_32' title="bbox 666 1989 1078 2043; baseline -0.005 -12"><span class='ocrx_word' id='word_1_98' title='bbox 666 1990 832 2043; x_wconf 87' lang='lat' dir='ltr'><strong>Pompa</strong></span> <span class='ocrx_word' id='word_1_99' title='bbox 864 1989 1078 2030; x_wconf 85' lang='lat' dir='ltr'><strong>relucens.</strong></span> 
     </span>
    </p>
   </div>
   <div class='ocr_carea' id='block_1_15' title="bbox 538 2077 1431 2334">
    <p class='ocr_par' dir='ltr' id='par_1_19' title="bbox 538 2077 1431 2263">
     <span class='ocr_line' id='line_1_33' title="bbox 538 2077 1300 2121; baseline -0.005 0"><span class='ocrx_word' id='word_1_100' title='bbox 538 2080 647 2121; x_wconf 91' lang='lat' dir='ltr'><strong>Hinc</strong></span> <span class='ocrx_word' id='word_1_101' title='bbox 682 2078 901 2121; x_wconf 84' lang='lat' dir='ltr'><strong>cathenati</strong></span> <span class='ocrx_word' id='word_1_102' title='bbox 933 2078 1041 2120; x_wconf 86' lang='lat' dir='ltr'><strong>varii</strong></span> <span class='ocrx_word' id='word_1_103' title='bbox 1074 2077 1300 2118; x_wconf 88' lang='lat' dir='ltr'><strong>trahuntur</strong></span> 
     </span>
     <span class='ocr_line' id='line_1_34' title="bbox 608 2147 1419 2202; baseline -0.005 -10"><span class='ocrx_word' id='word_1_104' title='bbox 608 2150 801 2202; x_wconf 85' lang='lat' dir='ltr'><strong>Nobiles,</strong></span> <span class='ocrx_word' id='word_1_105' title='bbox 835 2156 958 2202; x_wconf 88' lang='lat' dir='ltr'><strong>tergo</strong></span> <span class='ocrx_word' id='word_1_106' title='bbox 993 2149 1191 2190; x_wconf 87' lang='lat' dir='ltr'><strong>manibus</strong></span> <span class='ocrx_word' id='word_1_107' title='bbox 1224 2147 1419 2196; x_wconf 75' lang='lat' dir='ltr'><strong>revincti7</strong></span> 
     </span>
     <span class='ocr_line' id='line_1_35' title="bbox 609 2219 1431 2263; baseline -0.005 0"><span class='ocrx_word' id='word_1_108' title='bbox 609 2222 767 2263; x_wconf 86' lang='lat' dir='ltr'><strong>Fronte</strong></span> <span class='ocrx_word' id='word_1_109' title='bbox 802 2220 992 2262; x_wconf 87' lang='lat' dir='ltr'><strong>demissa</strong></span> <span class='ocrx_word' id='word_1_110' title='bbox 1025 2219 1287 2262; x_wconf 88' lang='lat' dir='ltr'><strong>revehuntur</strong></span> <span class='ocrx_word' id='word_1_111' title='bbox 1319 2219 1431 2260; x_wconf 85' lang='lat' dir='ltr'><strong>idem</strong></span> 
     </span>
    </p>

    <p class='ocr_par' dir='ltr' id='par_1_20' title="bbox 670 2293 1034 2334">
     <span class='ocr_line' id='line_1_36' title="bbox 670 2293 1034 2334; baseline -0.003 0"><span class='ocrx_word' id='word_1_112' title='bbox 670 2293 790 2334; x_wconf 87' lang='lat' dir='ltr'><strong>Colla</strong></span> <span class='ocrx_word' id='word_1_113' title='bbox 822 2297 1034 2334; x_wconf 87' lang='lat' dir='ltr'><strong>tenentes.</strong></span> 
     </span>
    </p>
   </div>
   <div class='ocr_carea' id='block_1_16' title="bbox 540 2378 1472 2650">
    <p class='ocr_par' dir='ltr' id='par_1_21' title="bbox 540 2378 1472 2580">
     <span class='ocr_line' id='line_1_37' title="bbox 540 2378 1356 2436; baseline -0.007 -11"><span class='ocrx_word' id='word_1_114' title='bbox 540 2383 740 2425; x_wconf 85' lang='lat' dir='ltr'><strong>Emicans</strong></span> <span class='ocrx_word' id='word_1_115' title='bbox 773 2382 974 2436; x_wconf 89' lang='lat' dir='ltr'><strong>princeps</strong></span> <span class='ocrx_word' id='word_1_116' title='bbox 1008 2380 1226 2422; x_wconf 85' lang='lat' dir='ltr'><strong>animosus</strong></span> <span class='ocrx_word' id='word_1_117' title='bbox 1260 2378 1356 2420; x_wconf 87' lang='lat' dir='ltr'><strong>illos</strong></span> 
     </span>
     <span class='ocr_line' id='line_1_38' title="bbox 611 2451 1472 2509; baseline -0.008 -12"><span class='ocrx_word' id='word_1_118' title='bbox 611 2454 790 2509; x_wconf 83' lang='lat' dir='ltr'><strong>Spectat</strong></span> <span class='ocrx_word' id='word_1_119' title='bbox 821 2454 1032 2495; x_wconf 81' lang='lat' dir='ltr'><strong>humanos</strong></span> <span class='ocrx_word' id='word_1_120' title='bbox 1068 2451 1185 2493; x_wconf 86' lang='lat' dir='ltr'><strong>acies</strong></span> <span class='ocrx_word' id='word_1_121' title='bbox 1218 2456 1472 2503; x_wconf 86' lang='lat' dir='ltr'><strong>retorquens</strong></span> 
     </span>
     <span class='ocr_line' id='line_1_39' title="bbox 609 2521 1281 2580; baseline -0.006 -13"><span class='ocrx_word' id='word_1_122' title='bbox 609 2527 663 2567; x_wconf 89' lang='lat' dir='ltr'><strong>Et</strong></span> <span class='ocrx_word' id='word_1_123' title='bbox 695 2526 766 2580; x_wconf 89' lang='lat' dir='ltr'><strong>pio</strong></span> <span class='ocrx_word' id='word_1_124' title='bbox 800 2525 918 2567; x_wconf 90' lang='lat' dir='ltr'><strong>vultu</strong></span> <span class='ocrx_word' id='word_1_125' title='bbox 950 2523 1102 2565; x_wconf 88' lang='lat' dir='ltr'><strong>iubilat</strong></span> <span class='ocrx_word' id='word_1_126' title='bbox 1134 2521 1281 2565; x_wconf 91' lang='lat' dir='ltr'><strong>videre</strong></span> 
     </span>
    </p>

    <p class='ocr_par' dir='ltr' id='par_1_22' title="bbox 671 2596 1029 2650">
     <span class='ocr_line' id='line_1_40' title="bbox 671 2596 1029 2650; baseline -0.008 -12"><span class='ocrx_word' id='word_1_127' title='bbox 671 2596 855 2650; x_wconf 80' lang='lat' dir='ltr'><strong>Agmina</strong></span> <span class='ocrx_word' id='word_1_128' title='bbox 888 2600 1029 2649; x_wconf 82' lang='lat' dir='ltr'><strong>capta.</strong></span> 
     </span>
    </p>
   </div>
   <div class='ocr_carea' id='block_1_17' title="bbox 541 2684 1451 2940">
    <p class='ocr_par' dir='ltr' id='par_1_23' title="bbox 541 2684 1451 2880">
     <span class='ocr_line' id='line_1_41' title="bbox 541 2684 1342 2741; baseline -0.009 -12"><span class='ocrx_word' id='word_1_129' title='bbox 541 2687 619 2729; x_wconf 85' lang='lat' dir='ltr'><strong>Illa</strong></span> <span class='ocrx_word' id='word_1_130' title='bbox 649 2691 862 2741; x_wconf 85' lang='lat' dir='ltr'><strong>prostrato</strong></span> <span class='ocrx_word' id='word_1_131' title='bbox 896 2684 1124 2725; x_wconf 90' lang='lat' dir='ltr'><strong>Dominum</strong></span> <span class='ocrx_word' id='word_1_132' title='bbox 1158 2687 1342 2732; x_wconf 70' lang='lat' dir='ltr'><strong>tuentur,</strong></span> 
     </span>
     <span class='ocr_line' id='line_1_42' title="bbox 611 2752 1451 2808; baseline -0.008 -9"><span class='ocrx_word' id='word_1_133' title='bbox 611 2757 795 2808; x_wconf 82' lang='lat' dir='ltr'><strong>Vertice,</strong></span> <span class='ocrx_word' id='word_1_134' title='bbox 830 2755 1052 2797; x_wconf 84' lang='lat' dir='ltr'><strong>ardentem</strong></span> <span class='ocrx_word' id='word_1_135' title='bbox 1086 2753 1233 2795; x_wconf 84' lang='lat' dir='ltr'><strong>tunica</strong></span> <span class='ocrx_word' id='word_1_136' title='bbox 1268 2752 1451 2803; x_wconf 75' lang='lat' dir='ltr'><strong>decenti,</strong></span> 
     </span>
     <span class='ocr_line' id='line_1_43' title="bbox 611 2825 1380 2880; baseline -0.007 -11"><span class='ocrx_word' id='word_1_137' title='bbox 611 2828 751 2880; x_wconf 91' lang='lat' dir='ltr'><strong>Atque</strong></span> <span class='ocrx_word' id='word_1_138' title='bbox 784 2827 974 2880; x_wconf 83' lang='lat' dir='ltr'><strong>virgatas</strong></span> <span class='ocrx_word' id='word_1_139' title='bbox 1008 2825 1200 2867; x_wconf 88' lang='lat' dir='ltr'><strong>studiose</strong></span> <span class='ocrx_word' id='word_1_140' title='bbox 1234 2830 1380 2866; x_wconf 83' lang='lat' dir='ltr'><strong>vestes</strong></span> 
     </span>
    </p>

    <p class='ocr_par' dir='ltr' id='par_1_24' title="bbox 672 2898 993 2940">
     <span class='ocr_line' id='line_1_44' title="bbox 672 2898 993 2940; baseline -0.003 -1"><span class='ocrx_word' id='word_1_141' title='bbox 672 2899 830 2940; x_wconf 87' lang='lat' dir='ltr'><strong>Murice</strong></span> <span class='ocrx_word' id='word_1_142' title='bbox 862 2898 993 2939; x_wconf 88' lang='lat' dir='ltr'><strong>fulvo.</strong></span> 
     </span>
    </p>
   </div>
  </div>
 </body>
</html>
