1955 3278
104 398 173 431 485

102 751 171 785 490

100 1110 168 1143 495

100 1466 168 1500 500

98 1823 165 1856 505

98 2179 166 2212 510

101 2536 166 2569 515

100 2879 168 2914 520

1520 106 1592 139 339

252 246 406 288 Hortor
437 246 517 287 iter
550 246 764 299 durasque
798 247 889 287 vias
925 260 1130 301 superare
1164 248 1322 290 labore.

252 317 347 358 Non
381 317 506 358 datur
538 317 726 358 emeritis
760 316 842 357 nisi
865 317 1003 370 gloria
1035 319 1216 359 maxime
1240 320 1456 373 princeps,

256 387 426 437 Quanta
445 388 672 429 resultabit
693 388 769 429 tibi
798 388 948 441 gloria,
983 396 1228 442 quantaque
1258 397 1424 432 crescet

250 458 415 512 Inclyta
445 458 562 499 fama
594 459 667 510 tui,
702 459 831 500 multo
865 459 1028 501 victura
1062 460 1139 501 sub
1176 473 1293 501 aevo.

250 530 304 570 Et
335 529 437 582 quid
467 529 511 570 in
544 529 645 571 orbe
678 529 755 571 tibi
788 530 1040 581 servabitur,
1074 544 1217 572 aurem
1253 532 1349 572 altis

252 600 461 650 Quattuor
493 601 575 642 ibis
610 601 745 654 equis,
780 607 822 642 et
855 602 994 643 claras
1027 602 1137 643 inter
1169 603 1362 644 Athenas

252 671 438 713 Consilio
471 671 636 726 prefixa
668 679 740 713 tuo
774 673 987 726 sapientia
1021 673 1163 715 stabit.

250 742 365 783 Inter
397 756 502 784 avos
535 743 682 784 Latios
714 743 1009 785 numeraberis
1041 743 1225 798 inclytus
1259 745 1367 785 alter

250 812 412 854 Caesar
444 820 486 854 et
518 813 701 867 ignifero
737 814 932 867 signabis
966 814 1119 868 sydere
1153 815 1304 856 crines.

251 883 527 937 Crediderim,
563 886 654 927 sine
688 893 729 926 te
764 885 988 927 sorderent
1021 886 1163 927 omnia
1194 899 1330 940 regna

250 956 341 998 Hec
374 956 522 998 dicens
555 963 656 998 nato
690 957 822 999 cicius
855 957 969 998 Mars
1004 964 1121 998 astra
1152 957 1300 998 revisit

248 1027 408 1069 Vectus
442 1028 576 1081 equis,
611 1028 744 1069 sotios
777 1029 944 1082 accepit
978 1035 1022 1069 ut
1055 1034 1154 1069 ante
1186 1028 1329 1081 iugali.

249 1099 426 1140 Munera
459 1099 650 1153 suscepit
683 1104 828 1152 grates
864 1106 906 1141 et
938 1100 1100 1141 rettulit
1132 1100 1311 1153 amplas.

249 1170 283 1212 O
317 1171 491 1223 longum
524 1184 761 1212 memorare
796 1170 942 1222 decus,
978 1171 1198 1213 celebrare
1223 1171 1459 1225 triumphos

248 1241 498 1283 Vuladislae
532 1247 641 1293 tuos,
674 1242 800 1283 iussit
831 1243 909 1284 tibi
943 1243 1132 1283 carmina
1164 1242 1276 1283 tradi

247 1313 463 1365 Phoebus,
499 1320 541 1354 et
574 1320 749 1366 argutas
782 1314 945 1367 plectro
978 1326 1182 1355 resonare
1218 1326 1433 1354 camenas.

246 1385 342 1426 Non
375 1390 524 1439 posset
556 1399 654 1426 mea
686 1385 808 1427 Musa
840 1385 911 1426 diu
945 1385 1189 1426 describere
1223 1385 1375 1426 laudes

250 1456 381 1510 Regis
415 1457 624 1508 honorati,
658 1456 815 1498 fidibus
848 1463 1073 1511 compacta
1106 1456 1276 1498 canoris

247 1528 348 1582 Ipsa
381 1527 618 1582 Chymereo
652 1529 847 1581 quamvis
879 1528 1056 1582 perfusa
1089 1528 1267 1581 liquore,

246 1599 451 1641 Insubeat
482 1600 645 1653 plectro
680 1600 798 1641 clarii
829 1599 1041 1640 Parnasia
1072 1612 1215 1653 rupes7

246 1670 291 1712 si
322 1671 426 1711 mihi
459 1670 531 1711 det
564 1671 753 1712 calamos
786 1670 927 1712 fuerat
959 1671 1052 1724 quis
1086 1670 1220 1712 fretus
1254 1671 1382 1711 Arion

246 1743 405 1790 Ascree
440 1742 475 1783 si
508 1742 662 1783 dentur
693 1754 812 1796 opeS,
848 1755 924 1783 seu
958 1742 1157 1783 carminis
1192 1749 1340 1781 auctor

246 1813 386 1853 Ducat
418 1813 570 1867 Apollo
602 1814 750 1867 lyram,
784 1813 922 1867 rapiat
956 1825 1037 1866 que
1072 1826 1231 1854 cornua
1254 1812 1422 1862 montis7

245 1884 457 1938 Pieriique
491 1884 624 1926 decus
657 1885 811 1935 laticis,
845 1885 914 1926 vel
949 1884 1159 1937 Gorgonis
1193 1890 1339 1924 aestus

245 1956 372 1997 Esset
406 1962 447 1997 et
479 1957 629 1997 humor
662 1956 774 2009 equi,
808 1969 884 1997 seu
917 1956 1108 1997 barbitos
1142 1955 1230 1996 ulla
1252 1960 1443 1995 moveret

245 2027 440 2068 Dictaret
471 2028 699 2080 lothosque
732 2027 847 2078 mihi7
882 2027 1142 2081 cytharcque
1176 2026 1368 2067 ferantur

245 2098 507 2151 Pegasidum
541 2099 666 2140 simul
696 2099 793 2153 ipsa
825 2098 965 2140 choris
998 2104 1093 2138 ruat
1120 2111 1253 2139 aurea
1285 2097 1444 2150 proles.

246 2168 414 2211 Occidit
443 2170 611 2211 interea
643 2170 924 2211 celeberrima
956 2170 1092 2223 gloria
1125 2169 1266 2222 gentis

245 2241 452 2289 Armifere
486 2240 708 2293 Corvinus,
744 2254 849 2283 avos
881 2241 1068 2281 imitatus
1103 2247 1327 2292 equestres

248 2311 467 2365 Sanguine
500 2313 693 2353 Romano
727 2312 946 2353 deducens
981 2317 1161 2352 stemma
1195 2311 1397 2352 decorum

246 2383 588 2436 Progeniemque
623 2396 744 2424 snam
777 2383 911 2424 veteri
945 2383 1023 2424 sub
1058 2382 1220 2435 origine
1254 2387 1434 2436 patrum.

246 2454 294 2494 In
327 2455 488 2495 tumulo
522 2454 700 2496 defessa
733 2454 826 2496 dies
858 2454 1030 2495 inclusit
1063 2467 1235 2495 avarum

247 2526 392 2568 Funus
427 2533 468 2567 et
502 2526 683 2567 extinxit
718 2526 844 2567 finem
876 2527 1016 2566 latura
1048 2538 1321 2578 suppremum

247 2597 385 2638 Parca
418 2610 570 2639 severa
603 2597 769 2648 ducem,
802 2610 936 2650 regno
958 2596 1225 2649 sceptrisque
1249 2595 1445 2649 superbis

247 2668 458 2722 Principis
490 2669 735 2722 Hungarico
769 2669 962 2721 Regnum
998 2668 1096 2709 dum
1129 2680 1231 2720 rege
1258 2674 1447 2708 vacaret.

249 2739 461 2792 Nullaque
495 2740 755 2781 Pannonicis
789 2740 949 2781 orbatis
982 2739 1140 2779 lumine
1174 2738 1296 2779 reddi

247 2811 345 2851 Iura
376 2811 635 2859 viderentur,
667 2812 815 2865 populi
848 2812 939 2851 sine
972 2811 1070 2863 lege
1103 2810 1336 2851 manebant

257 2881 446 2934 Quisque
482 2882 562 2923 sibi
594 2896 733 2923 mores
767 2882 955 2923 faciebat
987 2887 1207 2935 promptus
1241 2881 1295 2921 ad
1317 2894 1447 2923 arma.

1371 2963 1436 2995 22*
