1955 3278
1503 123 1573 158 2οΤ

147 266 364 302 Matheus
391 266 630 314 Hagymas
656 267 906 314 Hungarus
933 269 1246 314 Arbogastum
1270 265 1484 312 loquitur.
1503 264 1513 284 ¹

239 365 455 406 Viximus:
490 371 617 418 atque
651 379 795 407 comes
827 366 961 407 virtus
993 365 1073 407 fuit
1105 366 1239 407 ardua
1271 365 1419 406 nobis:

300 436 394 485 Qua
427 437 535 478 duce
570 436 829 478 Coelicolum
863 450 975 478 nunc
1008 437 1251 478 habitamus
1284 449 1401 489 opes.

241 507 305 547 Tu
335 520 517 560 quoque,
552 507 622 560 qui
648 507 754 549 vivis
789 507 947 548 sociam
981 506 1057 548 tibi
1082 506 1263 548 Pallada
1285 507 1427 560 iunge,

301 577 487 632 Corpore
520 584 565 618 ut
596 578 806 620 exstincto
840 591 960 619 mens
994 591 1123 632 super
1155 584 1272 619 astra
1300 578 1427 619 volet.

222 761 454 800 Martinus
479 762 677 800 Hatzius
705 763 1057 811 Transylvanus
1083 763 1143 799 ad
1169 763 1420 799 Lectorem.
1436 766 1448 783 “-’

243 860 419 914 Stagna,
443 862 577 913 lacus,
599 861 765 912 fluvios,
801 869 843 903 et
869 868 1043 916 apertas
1071 862 1269 915 aequoris
1292 861 1430 903 undas

298 931 489 973 Noscere
523 932 559 973 si
591 938 766 985 tractas,
800 946 910 984 rura,
944 946 1181 986 nemusque
1214 946 1357 987 paras,

242 1001 357 1051 Quos
379 1002 496 1044 dedit
520 1002 719 1045 Oceanus
741 1017 929 1058 campos,
952 1005 1178 1058 rapuitque
1199 1005 1451 1058 profundus,

302 1074 484 1127 Cynthia
516 1074 614 1116 dum
648 1075 797 1129 rapido
831 1076 1008 1117 vertitur
1040 1089 1120 1117 axe
1153 1075 1346 1127 madens,

240 1145 439 1197 Denique
473 1158 557 1198 qua
601 1145 727 1187 trifidi
760 1153 908 1200 pateat
940 1147 1016 1188 tibi
1049 1147 1248 1188 machina
1272 1147 1429 1196 mundi,

302 1217 472 1258 Circuat
505 1223 546 1258 et
579 1217 749 1270 gemino
781 1218 933 1259 Delius
967 1218 1068 1260 orbe
1103 1219 1253 1270 solum,

243 1286 384 1328 Sumis
418 1288 471 1328 ab
506 1288 660 1341 exiguo
694 1301 818 1341 quem
853 1289 1005 1340 cernis,
1040 1295 1194 1330 cuncta
1226 1289 1386 1340 libello,

302 1358 499 1412 Perlege,
533 1372 667 1412 parva
699 1359 823 1412 legis⁷
858 1359 1081 1401 commoda
1113 1361 1247 1401 multa
1276 1360 1403 1402 feres.

244 1429 427 1484 Saepius
456 1431 498 1471 in
521 1430 688 1472 modico
722 1444 903 1484 magnus
938 1431 1079 1472 cinere
1107 1431 1220 1484 ignis
1242 1431 1437 1482 habetur,

301 1500 355 1541 Et
385 1501 529 1542 brevis
561 1500 724 1554 ingenti
758 1514 869 1542 vena
901 1501 1113 1543 redundat
1147 1515 1269 1555 aqua.

244 1571 378 1612 Nemo
412 1571 662 1625 superficies
696 1570 868 1625 (vulgus
902 1585 1000 1613 nam
1033 1573 1223 1626 pascitur
1254 1570 1353 1626 illis)

300 1642 436 1684 Janus
469 1648 593 1692 amat,
629 1642 776 1696 fruges
808 1643 1010 1684 interiora
1043 1643 1215 1685 dabunt.

97 1827 253 1863 Oratio
272 1827 458 1864 nomine
478 1828 791 1865 florentissimi
806 1829 1038 1875 gymnasii
1054 1829 1112 1864 ad.
1125 1829 1585 1866 Reuerendissimum

97 1892 147 1928 in
167 1891 345 1929 Christo
371 1894 546 1939 patrem
573 1896 619 1930 et
645 1893 892 1929 Dominum
916 1893 1166 1930 Dominum
1186 1894 1432 1941 Georgium
1457 1896 1583 1942 quin-

98 1968 184 2005 que
221 1959 569 1995 eoclesiensium
612 1959 898 2005 Episcopum,
932 1970 1282 2006 supremumque
1321 1960 1454 2007 regni
1490 1960 1586 1997 Un-

98 2023 254 2070 gariae
306 2024 638 2060 cancellarium
676 2035 755 2071 pro
809 2025 1037 2061 adventus
1088 2025 1158 2061 sui
1197 2026 1514 2072 gratulatione
1556 2037 1584 2062 a

267 2089 494 2135 Magistro
520 2090 693 2126 Ioanne
720 2090 933 2137 Kresling
960 2090 1171 2126 Budense
1199 2091 1370 2128 habita.
1388 2093 1399 2112 ³

217 2187 263 2230 Si
297 2189 389 2241 quis
421 2202 605 2241 unquam
638 2189 731 2240 fuit,
755 2190 947 2230 Antistes
975 2190 1250 2244 amplissime,
1287 2191 1356 2244 qui
1388 2196 1430 2232 te
1462 2204 1584 2245 prae-

100 2266 221 2301 sente
255 2259 458 2311 dicturus,
505 2266 603 2301 ante
637 2261 915 2314 trepidaverit
950 2275 1044 2302 eum
1084 2262 1277 2315 profecto
1311 2275 1377 2303 me
1412 2275 1508 2304 esse
1544 2268 1586 2303 et

98 2331 192 2384 ipse
225 2331 363 2371 sentio
398 2338 438 2371 et
471 2331 538 2372 his
574 2332 644 2383 qui
678 2332 834 2373 adsunt
868 2331 1003 2373 videri
1036 2346 1166 2386 posse
1209 2333 1446 2374 considero.
1495 2333 1584 2375 Nec

218 2436 229 2454 ¹
260 2434 479 2478 „Arbogasti
507 2435 617 2470 Stsub
644 2436 780 2479 (Strub)
814 2436 1024 2470 Glavonesii
1051 2437 1235 2470 orationes
1262 2437 1366 2477 duae,
1382 2447 1472 2480 quas
1499 2438 1582 2470 dum

99 2494 136 2527 in
161 2494 327 2528 humanis
354 2494 431 2535 fuit,
459 2495 595 2535 habuit,
624 2495 707 2530 dein
734 2496 907 2529 nonnulla
934 2498 1075 2529 mortuo
1103 2497 1148 2530 ab
1167 2496 1286 2531 doctis
1313 2497 1398 2530 viris
1425 2497 1581 2541 eulogia,

100 2553 366 2597 Epitaphiaque
404 2553 462 2597 pie
506 2555 638 2597 posita.
679 2554 830 2589 Carmen
861 2555 946 2588 item
986 2555 1030 2588 de
1058 2559 1172 2590 morte
1210 2566 1275 2598 per
1300 2556 1427 2590 Joach.
1456 2556 1587 2590 Vadia—

100 2614 215 2646 num.“
246 2611 279 2645 A
305 2612 429 2656 konyv
446 2611 590 2657 vegeti:
623 2613 804 2652 „Viennae
831 2613 1040 2647 Pannoniae
1068 2614 1165 2657 apud
1191 2614 1436 2649 Hieronimum
1465 2615 1584 2649 Philo-

100 2671 299 2705 vallensem
326 2673 362 2705 et
388 2671 568 2706 Joannem
588 2672 827 2716 Singrenium,
855 2683 1006 2716 quorum
1034 2682 1193 2716 expensa
1217 2673 1307 2708 haec
1332 2684 1464 2708 excusa
1491 2678 1586 2709 sunt.

106 2730 209 2764 Anno
235 2730 279 2764 M.
294 2730 335 2763 D.
350 2730 410 2764 XI.
436 2730 587 2765 Decimo
615 2734 728 2765 sexto.
756 2732 884 2766 Kalen.
911 2732 1056 2766 Maias.“
1086 2731 1379 2776 Negyedretben.

212 2789 224 2807 '·'
239 2789 272 2823 A
287 2789 363 2823 mar
376 2790 529 2824 emlitett
544 2790 702 2824 1518-iki
718 2789 819 2825 becsi
833 2791 1056 2834 Pomponius
1071 2791 1312 2826 Mela-kiadas
1328 2792 1405 2826 ets&
1420 2792 1585 2837 lapjarol.

214 2849 226 2867 ³
249 2847 458 2889 „Orationes
485 2849 648 2884 Viennae
666 2850 836 2884 Austriae
858 2850 903 2884 ad
924 2850 1051 2884 Divum
1071 2850 1350 2885 Maximilianum
1370 2850 1474 2885 Caes.
1491 2852 1586 2895 Aug.

104 2907 267 2951 aliosque
293 2908 560 2942 illustrissimos
586 2908 773 2952 Principes
800 2909 958 2943 habitae.
986 2908 1025 2942 In
1051 2909 1286 2944 celeberrimo
1313 2910 1417 2944 trium
1444 2911 1585 2952 Regum
