1898 3278
266 141 314 175 98

265 293 409 328 neant.
445 290 487 325 et
520 283 634 337 apud
666 298 732 325 nie
768 284 1049 326 clarissimum
1082 286 1210 326 totius
1233 285 1467 327 nobilitatis
1500 286 1752 330 Pannoniae

263 356 400 397 instar
433 355 644 406 obtineas,
690 368 774 396 non
807 356 958 396 iniuria
992 355 1104 398 hunc
1149 356 1225 398 tibi
1258 357 1607 399 commentarium
1645 372 1751 400 nun-

266 440 444 481 cupans,
492 427 676 468 caeteris
721 427 918 468 omnibus
962 427 1084 481 regni
1129 427 1378 481 proceribus
1423 428 1594 470 abunde
1628 429 1751 472 satis-

264 497 424 539 fecisse
458 504 573 551 puto.
609 497 771 539 Budae.
803 498 1090 539 M.D.XVIII.

262 654 300 694 p.
335 638 581 683 409-415.
627 639 694 681 De
732 637 968 681 Concordia
1000 640 1292 682 commentatio
1329 639 1459 683 Caelii
1496 640 1753 697 Calcaym'ni

831 712 886 752 ad
919 711 1186 753 Pannonios.

261 821 301 861 p.
336 806 435 850 494.
471 806 526 847 In
559 805 889 848 Sacramentum
923 805 1228 848 Eucharistiae
1261 806 1405 849 Sermo
1439 807 1752 850 tumultuarius

269 877 403 919 Caela·
442 876 710 932 Calc-ayvini,
745 891 825 930 per
857 892 952 917 eum
992 876 1039 918 in
1073 876 1304 918 cathedrali
1348 878 1515 919 ecclesia
1547 877 1753 934 Ayrt'ensi

809 947 978 1001 publice
1011 947 1193 990 habitus.

262 1060 303 1099 p.
337 1044 449 1096 503„
484 1043 582 1087 504.
623 1041 756 1085 Caelii
780 1041 1033 1099 Calc-affitim'
1065 1043 1114 1085 in
1145 1046 1297 1093 funere
1328 1044 1540 1086 Beatrt'cis
1571 1044 1750 1086 Panno-

706 1115 884 1157 niarum
916 1114 1123 1170 Retqinae,
1159 1115 1303 1157 oratio.

683 1262 722 1301 p.
757 1246 854 1289 504.
901 1245 1172 1299 (Beatrixhez
1207 1246 1325 1299 szOl.)

379 1344 499 1385 Haec
532 1352 606 1384 tua
637 1348 727 1384 tota
761 1348 881 1383 sunt:
928 1341 1178 1396 pudicitiam
1211 1354 1296 1382 non
1342 1348 1590 1383 constanter
1621 1342 1749 1383 modo

262 1428 447 1465 servare,
483 1414 561 1456 sed
595 1414 721 1455 etiam
750 1413 794 1454 in
815 1413 910 1454 aliis
941 1412 1180 1464 vindicare;
1215 1412 1427 1466 gravitate
1455 1413 1561 1454 citra
1582 1413 1749 1467 regium

261 1486 536 1541 supercilium
569 1485 654 1536 uti3
701 1484 912 1526 adeuntes
946 1497 997 1525 ac
1030 1484 1250 1538 supplices
1283 1497 1368 1525 non
1403 1484 1539 1525 solum
1573 1484 1750 1526 comiter

258 1558 473 1612 excipere,
509 1557 586 1599 sed
620 1556 873 1597 confirmare
907 1561 1035 1608 atque
1059 1555 1113 1596 ad
1138 1555 1356 1596 meliorem
1379 1568 1500 1609 spem
1522 1568 1745 1607 revocare;

256 1629 461 1670 iustitiam
495 1628 736 1669 admirabili
759 1626 933 1668 condire
957 1626 1204 1678 clementia3
1239 1626 1578 1681 disceptationes
1600 1626 1747 1668 dexte-

257 1702 383 1742 ritate
416 1699 742 1754 incomparabili
787 1697 954 1749 sedare,
1001 1698 1253 1752 populorum
1288 1703 1330 1738 et
1363 1698 1583 1740 civitatum
1619 1698 1748 1740 saluti

259 1788 310 1815 ac
344 1772 564 1815 securitati
610 1771 848 1821 consulere,
894 1770 1103 1823 bonisque
1137 1770 1300 1812 artibus
1339 1783 1473 1823 regna
1507 1769 1744 1811 instituere.

258 1846 472 1887 Efferatos
519 1844 684 1884 animos
729 1842 932 1892 emollire,
978 1842 1090 1883 bene
1125 1841 1318 1883 educatis
1363 1841 1548 1895 ingeniis
1581 1841 1746 1892 favere,

257 1917 452 1958 literatos
496 1914 780 1966 undecunque
826 1926 1065 1964 accersere,
1111 1925 1272 1965 eosque
1306 1913 1418 1954 omni
1453 1911 1747 1953 munificentia

256 1989 508 2037 honestare3
544 1999 626 2039 quo
658 1985 819 2027 factum
850 1991 916 2026 est
936 1984 979 2025 in
1001 1984 1249 2025 Pannonias
1274 1997 1397 2025 omne
1420 1983 1555 2024 ferme
1576 1982 1745 2024 Latium

256 2073 310 2101 ea
341 2064 599 2112 tempestate
644 2056 857 2110 migravit,
903 2062 1032 2108 atque
1065 2055 1108 2096 in
1141 2054 1282 2096 media
1315 2054 1515 2095 barbarie
1547 2054 1746 2095 Athenae

258 2130 558 2172 excitarentur.
608 2128 728 2169 Haec
759 2141 861 2169 vero
894 2127 956 2168 illi
988 2132 1152 2167 tantum
1195 2125 1539 2176 benevolentiae,
1579 2131 1745 2166 tantum

257 2201 552 2243 admirationis
586 2199 701 2254 apud
735 2212 810 2240 eas
842 2198 1039 2239 nationes
1074 2197 1206 2238 latino
1240 2197 1399 2238 nomini
1442 2202 1650 2251 perpetuo
1682 2196 1745 2236 in-

255 2273 405 2314 fensas
449 2284 673 2326 peperere,
718 2276 763 2311 ut
808 2283 903 2311 eam
949 2282 1076 2309 unam
1122 2268 1245 2321 quasi
1284 2268 1463 2310 caelitus
1496 2267 1744 2318 demissam,

258 2357 344 2397 qua
375 2343 623 2384 Pannonias
655 2341 902 2392 illustraret,
937 2341 1127 2382 colerent
1159 2352 1210 2380 ac
1243 2345 1563 2380 venerarentur.

254 2541 459 2578 Joannes
484 2540 684 2582 Camers,
713 2538 899 2575 Ordinis
926 2537 1155 2573 Minoi-um
1181 2547 1339 2573 sacrae
1358 2535 1621 2584 theologiae
1645 2546 1744 2583 pro-

253 2607 414 2649 fessor,
439 2605 640 2652 Egregio
661 2603 773 2640 Viro
795 2603 992 2640 Domino
1013 2602 1247 2649 Stephano
1264 2601 1514 2639 Verbeutio
1538 2602 1576 2639 S.
1597 2601 1648 2638 D.
1666 2601 1712 2637 P.
1730 2602 1740 2622 ¹

370 2711 521 2764 Relegi
567 2710 808 2763 diligenter,
856 2708 1067 2762 Stephani
1100 2706 1423 2757 humanissime,
1460 2706 1610 2748 decem
1641 2706 1742 2748 Jani

253 2783 466 2824 Pannonii
499 2781 695 2834 Quinque
720 2780 1000 2822 ecclesiarum
1023 2779 1236 2832 praesulis
1257 2779 1447 2831 Elegias,
1478 2790 1588 2829 quae
1612 2775 1743 2830 (absit

376 2934 383 2953 ¹
413 2934 529 2968 danus
556 2932 766 2966 Pannonius
795 2930 952 2964 1514-iki
979 2929 1130 2964 kiadasa
1157 2928 1316 2974 vegero'l.
