1919 3273
279 109 352 143 460

282 253 391 294 simo
424 253 467 293 in
489 252 699 303 convictu,
734 251 970 293 Benedicte
993 251 1173 302 Bekeni,
1208 257 1249 292 te
1276 252 1457 305 primum
1485 264 1615 293 nosse
1637 252 1773 306 coepi,

283 324 404 366 cuius
438 337 600 364 morum
645 322 910 364 incredibilis
955 323 1145 364 svavitas
1192 335 1382 363 summae
1415 322 1520 364 mihi
1551 322 1775 376 voluptati,

283 395 502 449 ingenium
535 400 665 447 atque
699 393 828 434 animi
860 393 1098 435 moderatio
1139 407 1223 434 non
1256 393 1408 434 minori
1439 393 1611 435 fuerunt
1644 393 1774 435 admi—

282 466 450 508 rationi.
484 466 732 519 Tantopere
766 478 891 518 porro
926 465 1184 519 complacita
1217 470 1283 505 est
1316 465 1419 505 mihi
1451 465 1584 506 virtus
1610 471 1684 505 tua
1705 464 1777 506 vel

282 538 418 592 primo
453 542 593 590 gustu,
627 543 672 577 ut
704 542 882 589 repente
917 542 958 577 te
992 536 1047 577 ad
1080 536 1310 577 amandum
1343 536 1621 577 vehementer
1652 536 1775 576 mira-

283 609 499 661 bilemque
531 608 575 648 in
608 607 780 648 modum
811 607 963 648 fuerim
998 621 1223 658 accensus,
1257 620 1308 648 ac
1334 607 1418 648 iam
1440 607 1540 649 inde
1564 607 1618 648 ab
1641 607 1775 658 initio,

281 694 337 721 ex
370 693 451 733 quo
484 680 599 720 iacta
633 685 730 719 sunt
762 678 1045 719 fundamenta
1078 678 1291 719 amicitiae
1325 684 1512 730 nostrae,
1547 691 1713 719 mecum
1732 678 1775 719 in

282 751 424 792 animo
459 749 659 803 cogitavi,
706 762 788 802 quo
821 756 949 803 pacto
984 755 1026 790 et
1068 762 1152 801 qua
1185 749 1256 790 via
1294 750 1377 790 mei
1410 763 1514 802 erga
1547 756 1587 790 te
1621 749 1776 790 amoris

284 829 413 875 atque
447 821 750 863 observantiae
798 820 1135 874 magnitudinem
1169 821 1246 862 tibi
1278 834 1451 875 possem
1496 828 1595 862 ante
1629 820 1776 861 oculos

283 907 458 948 ponere.
516 893 618 934 Cum
664 893 810 945 itaque
856 898 1131 946 perspectum
1178 893 1384 934 haberem
1429 900 1470 934 te
1518 892 1775 934 eruditorum

283 966 455 1020 scriptis
490 979 541 1006 ac
572 966 791 1006 literarum
823 964 1111 1005 monumentis
1143 963 1346 1018 imprimis
1381 964 1599 1016 oblectari,
1647 964 1777 1006 statui

282 1037 326 1078 in
360 1037 608 1091 praesentia
639 1036 716 1077 tibi
749 1049 888 1089 nugas
918 1035 1052 1076 hasce
1076 1048 1195 1076 meas
1218 1035 1261 1076 in
1288 1035 1505 1089 publicum
1534 1035 1776 1090 prodituras

284 1108 563 1162 nuncupatim
597 1107 798 1148 dedicare
823 1141 829 1147 .
855 1141 861 1147 .
885 1141 892 1148 .
925 1107 1015 1147 Iam
1035 1120 1136 1148 vero
1166 1106 1370 1159 quidquid
1392 1112 1457 1147 est
1482 1106 1617 1148 libelli
1637 1106 1776 1159 huius,

281 1187 329 1221 ut
376 1180 540 1234 gratius
586 1179 893 1232 acceptiusque
940 1178 994 1219 sit
1039 1178 1174 1219 oculis
1206 1178 1453 1231 legentium,
1501 1184 1543 1218 et
1574 1177 1777 1232 ponderis

284 1251 445 1304 aliquid
479 1251 660 1292 accedat
706 1250 842 1303 magis
876 1250 996 1301 meis,
1043 1249 1406 1291 Reverendissimi
1443 1263 1494 1291 ae
1527 1249 1778 1303 amplissimi

284 1323 457 1364 Domini
479 1323 531 1364 D,
548 1322 743 1363 Ladislai
765 1320 939 1362 Saleani
962 1321 1278 1375 archiepiscopi
1295 1320 1603 1374 Strigoniensis
1626 1334 1776 1363 versus

283 1393 457 1435 tametsi
501 1405 756 1447 perpaucos,
804 1391 924 1445 operi
956 1398 1101 1433 tamen
1146 1392 1307 1433 minuto
1341 1398 1383 1433 et
1421 1406 1505 1433 non
1539 1393 1599 1433 ita
1631 1392 1778 1446 magni

283 1465 410 1520 pretii
444 1465 639 1505 consulto
672 1463 865 1518 praefixi,
899 1477 1004 1517 quos
1036 1464 1122 1511 ille,
1158 1463 1351 1505 mirabile
1376 1463 1504 1516 dictu,
1529 1470 1776 1518 extempore

282 1538 395 1578 inter
439 1536 645 1577 funebres
691 1549 888 1590 pompas,
935 1541 977 1576 et
1021 1535 1266 1576 immediate
1303 1535 1465 1587 effudit⁷
1512 1535 1583 1588 qui
1614 1536 1677 1578 vir
1708 1536 1779 1577 vel

285 1609 404 1649 solus
438 1607 694 1649 documento
729 1620 826 1648 esse
859 1612 1002 1660 potest
1036 1606 1194 1648 exteris
1226 1606 1486 1658 nationibus,
1520 1612 1565 1647 ut
1598 1607 1775 1647 aliarum

284 1693 425 1721 rerum
444 1680 644 1730 omnium,
664 1691 772 1732 quas
791 1684 944 1719 natura
959 1678 1014 1719 ad
1029 1691 1148 1719 usum
1169 1678 1413 1731 cultumque
1429 1679 1543 1720 vitae
1562 1678 1776 1719 humanae

286 1751 499 1804 produxit,
534 1751 699 1805 copiam
735 1756 864 1803 atque
897 1749 1139 1791 ubertatem
1173 1749 1365 1800 affluere,
1398 1750 1459 1790 ita
1482 1750 1646 1790 animos
1681 1748 1779 1790 sub·

284 1822 410 1863 limes
439 1828 481 1863 et
501 1822 676 1875 ingenia
701 1822 875 1863 excelsa
899 1834 948 1862 ac
973 1827 1137 1862 matura
1160 1820 1394 1862 Pannoniis
1416 1820 1585 1861 minime
1609 1820 1777 1862 deesse.

285 1893 393 1943 Quis
425 1907 526 1935 vero
562 1899 642 1944 est,
675 1893 802 1935 modo
837 1906 945 1934 sana
978 1892 1033 1933 sit
1065 1899 1221 1944 mente,
1269 1906 1319 1934 ac
1352 1891 1508 1934 iudicio
1542 1891 1777 1946 praeditus,

286 1965 359 2018 qui
379 1979 464 2006 non
488 1964 722 2006 admiretur
744 1964 973 2006 Saleanum
999 1963 1267 2005 arduissimis
1287 1963 1472 2017 negotiis
1497 1962 1779 2017 gravissimis-

285 2050 370 2090 que
403 2036 624 2077 laboribus
669 2036 753 2076 iam
800 2035 966 2090 pridem
1012 2035 1066 2076 ab
1111 2036 1287 2076 ineunte
1321 2042 1464 2076 aetate
1511 2035 1780 2076 continenter

285 2113 557 2162 occupatum,
592 2107 840 2148 domesticis
875 2106 1028 2148 studiis
1056 2112 1281 2160 tantopere
1306 2113 1348 2147 et
1371 2106 1628 2148 successivis
1649 2105 1778 2157 horis,

285 2192 398 2231 quae
432 2179 494 2220 illi
516 2178 806 2233 paucissimae
829 2184 1004 2232 propter
1023 2177 1232 2218 infinitam
1255 2191 1394 2218 rerum
1421 2177 1780 2219 administranda-

284 2264 377 2291 rum
410 2251 494 2292 vim
526 2256 568 2291 et
591 2250 745 2290 molem
777 2249 1062 2302 contigerunt,
1086 2248 1339 2303 profecisse,
1362 2256 1408 2289 ut
1430 2249 1535 2289 nulli
1554 2255 1781 2302 praeterea

284 2321 348 2362 rei
371 2321 553 2372 deditos,
579 2334 706 2373 quam
731 2320 894 2373 ingenii
913 2321 1105 2361 culturae
1128 2320 1422 2372 bonarumque
1447 2320 1597 2361 artium
1620 2319 1780 2361 exerci-

286 2393 451 2445 tationi,
473 2393 567 2446 ipse
594 2392 822 2446 insigniter
844 2392 1078 2433 antecellat
1099 2424 1108 2432 .
1135 2426 1141 2432 .
1166 2425 1173 2432 .
1199 2391 1427 2445 Magnifice
1452 2396 1493 2432 et
1516 2391 1779 2446 amplissimo

288 2465 378 2506 viro
400 2464 451 2504 D.
474 2463 697 2517 Stephano
721 2463 924 2505 Verbetio
946 2463 1083 2504 incliti
1105 2462 1244 2516 Regni
1261 2462 1479 2516 Ungariae
1497 2462 1694 2503 Palatino
1711 2475 1780 2503 me

285 2534 517 2588 diligenter
550 2534 887 2585 commendabis,
923 2547 1048 2587 quem
1082 2547 1163 2587 ego
1197 2534 1331 2575 virum
1364 2539 1540 2588 propter
1560 2540 1601 2574 et
1623 2533 1779 2574 multas

288 2612 333 2646 et
366 2606 566 2659 egregias
599 2606 777 2647 virtutes
809 2605 944 2659 ipsius
978 2605 1146 2659 plurimi
1177 2604 1290 2646 facio
1325 2604 1505 2657 coloque
1533 2611 1575 2646 et
1598 2617 1780 2647 summo-

285 2690 391 2731 pere
426 2677 622 2719 observo.
655 2677 850 2718 Viennae
883 2676 981 2718 Kal.
1015 2676 1148 2730 April.
1182 2676 1395 2718 Anno...
1423 2675 1546 2719 1526.
