1919 3273
1455 94 1524 129 367

43 315 117 357 Ad
145 316 323 358 eundem
350 315 494 358 divum
520 315 816 357 Vuladz'slaum
843 316 1072 372 Hmzyartff
1099 322 1137 360 et
1161 317 1363 361 Bohemie
1389 334 1527 375 ‘regem

42 385 326 438 fortissimum
348 386 768 440 pulcherrimumque
801 402 970 429 emonem
1004 388 1263 439 Phaletmm,
1297 404 1378 443 quo
1399 394 1527 443 poeta

44 455 161 499 timet
193 456 255 499 ire
287 458 344 499 ad
376 462 492 499 tante
525 457 759 499 maiestatis
785 459 1061 512 pregavatam,
1104 475 1195 502 eum
1229 460 1319 514 ipse
1350 460 1405 503 sit
1439 463 1527 503 Rex

646 528 924 571 doctissimus.

302 658 395 708 Quo
428 672 506 700 nos
538 658 714 700 Phoebe
746 659 870 700 iubes
902 673 1103 712 rogamus
1135 661 1195 701 ire

301 729 469 771 Indooti
500 735 653 771 tenues
686 730 815 771 rudes
849 744 1069 785 proeaees,

300 801 371 842 Nil
403 807 469 842 est
502 800 614 853 quod
648 801 833 842 timeatis
865 802 949 842 ista
980 802 1116 853 vobis,

302 871 398 913 Non
430 885 507 913 vos
540 872 843 925 grammaticas
876 886 1028 914 manus
1063 886 1252 925 severas,

220 953 241 986 5
303 929 431 996 Vulgi
462 956 543 984 neo
574 943 700 984 iubeo
735 943 878 984 subire
911 957 1077 995 nasum,

305 1013 388 1063 Qui
420 1014 637 1068 carpendo
671 1014 778 1055 alios
811 1015 958 1056 volunt
990 1015 1125 1056 videri

303 1085 454 1138 Arguti
486 1089 614 1137 atque
648 1085 743 1126 aliis
777 1086 1037 1136 disertiores,

303 1156 435 1209 Regis
467 1156 730 1209 magnanimi
763 1156 841 1197 sed
873 1156 977 1197 illud
1010 1170 1109 1197 aere

303 1227 431 1268 Docti
461 1227 676 1278 iudicium,
710 1240 947 1280 manusque
983 1229 1154 1269 amicas.

198 1307 243 1341 10
304 1298 384 1339 Hie
417 1304 483 1340 est
515 1298 584 1339 oui
616 1304 785 1340 veteres
818 1299 1001 1351 novique
1036 1299 1205 1340 cedunt.

303 1369 433 1410 Ludit
465 1383 542 1411 seu
574 1369 685 1423 pede
719 1370 881 1423 dispari
912 1370 1089 1423 parique

306 1440 467 1481 Cantus
500 1454 550 1481 ex
584 1441 791 1482 Helieone
824 1441 907 1482 fert
939 1454 1108 1482 canoro.

306 1511 340 1553 O
375 1511 533 1553 dilecta
566 1512 675 1562 duoi,
711 1526 734 1553 0
768 1512 897 1553 beata
928 1512 1064 1562 Euda,

306 1582 340 1625 O
374 1583 506 1625 foelix
537 1583 688 1637 patria,
723 1589 764 1624 et
796 1583 921 1624 nimis
953 1584 1096 1635 beata,

198 1665 242 1698 15
305 1653 398 1704 Qua
431 1654 623 1708 gaudere
656 1660 727 1695 tuo
761 1660 885 1708 potes
917 1660 1047 1707 poeta

304 1726 481 1767 Phoebo
515 1725 703 1775 earmina
734 1725 867 1779 digna
900 1726 970 1778 qui
1002 1725 1170 1779 reponit

306 1797 446 1839 Torvo
478 1797 655 1838 Mantua
686 1798 774 1838 leta
806 1798 861 1838 sit
892 1798 1081 1847 Marone,

305 1868 443 1910 Iactet
473 1868 747 1922 Parthenope
780 1868 1106 1922 Papiniumque,

306 1939 361 1980 Et
392 1945 515 1981 vates
550 1939 769 1980 eelebrent
803 1952 904 1980 suos
936 1939 1061 1990 Iberi,

199 2020 246 2055 20
307 2011 373 2051 Tu
405 2010 595 2064 gaudere
628 2016 700 2051 tuo
733 2010 854 2051 vales
887 2016 1028 2063 poeta.

307 2082 384 2124 Ille
418 2088 484 2123 est
516 2082 674 2135 regius,
710 2082 902 2135 elegans,
938 2094 1129 2132 serenus,

309 2153 524 2203 Quinum:
552 2153 822 2206 Hungarioos
847 2153 960 2194 canit
989 2151 1260 2205 Triumphos,

308 2225 454 2279 Magni
476 2223 518 2279 (1)
551 2225 740 2278 fulgurat
773 2237 891 2265 arma
924 2223 1224 2275 Caesarisque,

309 2295 451 2346 Quid?
475 2310 569 2337 eum
593 2296 784 2349 disputat
804 2295 872 2335 hio
898 2294 1057 2347 sophos
1080 2294 1270 2344 latinum,

201 2378 247 2411 25
312 2367 460 2420 Sitque
494 2368 632 2409 forma
663 2367 764 2408 boni
796 2365 980 2417 bonique
1013 2364 1135 2405 limes

310 2438 405 2488 Qua
437 2439 580 2481 vineat
611 2438 775 2479 ratione
810 2437 903 2489 quis
936 2436 1122 2477 timores.

311 2510 406 2560 Qua
437 2509 629 2550 frenetus
654 2507 699 2562 (1)
733 2521 850 2549 amor
883 2506 1192 2560 cupidinesque

309 2581 363 2622 Et
395 2594 478 2633 que
510 2580 701 2621 membra
734 2581 798 2620 sui
831 2579 959 2620 beata
992 2577 1123 2618 virtus

311 2651 479 2693 Obieoit
511 2651 624 2693 vitiis
656 2650 758 2692 feris
801 2648 1039 2697 domandis,

201 2733 248 2767 30
310 2721 451 2773 Quid?
479 2722 514 2763 si
535 2721 705 2775 quando
729 2723 944 2763 elementa
965 2720 1033 2760 vel
1055 2719 1260 2772 polorum,

314 2794 483 2835 Causas
512 2793 688 2835 materie
723 2792 837 2833 canit
867 2790 1067 2831 fluventis
1090 2787 1137 2842 (1)

310 2865 435 2907 Vivat
468 2864 666 2905 maehina
698 2876 780 2916 quo
814 2863 954 2904 soluta
985 2866 1113 2907 motu,
