1919 3273
380 622 425 654 40

380 980 423 1012 45

380 1338 423 1370 50

409 265 423 272 ⁷
483 254 536 295 Et
569 268 835 308 quecumque
867 255 957 296 Iovi
990 255 1135 296 tribuit
1169 255 1396 296 Marcellus
1429 255 1633 296 honorem

542 327 732 379 Romule⁷
767 327 809 367 ni
841 326 967 367 fallor
998 326 1145 367 Thura
1179 326 1371 368 secunda
1406 326 1538 367 dedit.

483 397 594 447 Quid
627 398 820 439 facerent
853 397 925 438 alii
939 398 960 438 i>
994 410 1078 450 qua
1111 410 1189 438 nos
1222 397 1387 439 ratione
1423 404 1645 439 monerent

541 469 767 521 Innumeri,
800 469 974 522 longum
1009 482 1115 521 quos
1148 482 1385 509 memorare
1419 468 1541 510 foret.

483 539 645 581 Caesar
677 540 838 581 honore
871 546 996 582 vetus
1032 546 1258 594 superatur
1292 539 1429 593 gloria
1462 546 1596 592 161110,

541 611 634 661 Quo
668 611 783 665 cupit
814 611 857 652 in
890 617 1057 653 vestras
1091 624 1220 665 posse
1254 610 1393 651 redire
1429 624 1592 652 manus.

482 683 630 725 Prisca
651 683 794 724 iacent
817 696 894 737 per
916 689 957 723 te
980 682 1182 736 princeps
1205 682 1467 723 monimenta
1498 682 1706 732 Quiritum

542 754 658 795 Votis
692 754 806 807 quod
838 754 1012 808 paribus
1047 754 1131 794 iam
1165 753 1239 795 tibi
1274 754 1399 794 turba
1431 753 1538 795 litat.

480 826 578 880 Ipse
613 826 737 867 simul
769 825 935 866 tradam
968 825 1134 866 victura
1166 825 1382 866 volumina
1414 825 1628 878 princeps,

541 896 586 938 Si
617 898 743 951 petis,
779 902 970 944 eternum
1006 909 1103 936 nam
1139 896 1226 937 scio
1261 909 1434 937 carmen
1469 909 1600 937 amas.

480 969 533 1009 Et
566 981 739 1009 causam
774 967 916 1021 queris
950 967 1243 1019 citharamque
1276 967 1478 1008 libentius
1512 967 1650 1019 audis,

540 1039 673 1080 Tollis
707 1044 749 1080 et
782 1044 957 1091 argutos
991 1051 1093 1078 aure
1129 1044 1305 1079 notante
1340 1038 1507 1080 choros.

479 1112 569 1152 Hec
603 1117 669 1152 est
702 1117 804 1164 apta
835 1116 935 1151 tuae
968 1110 1170 1164 princeps
1203 1123 1316 1151 nunc
1349 1110 1484 1163 gloria
1518 1109 1630 1158 fame

540 1181 753 1223 Pieridum
787 1182 951 1222 fontem
988 1194 1069 1234 quo
1104 1194 1228 1222 sacer
1258 1182 1353 1235 ipse
1387 1181 1516 1223 00168.

479 1254 661 1295 Maiores
694 1254 857 1294 maiora
889 1253 965 1294 tibi
998 1252 1103 1293 dent
1137 1266 1327 1303 munera7
1362 1253 1577 1307 princeps7

538 1326 739 1366 Prestant
771 1324 1018 1366 muneribus
1055 1324 1244 1365 carmina
1275 1330 1424 1365 1108116
1457 1324 1582 1366 datis.

484 1397 677 1439 Carmine
705 1402 749 1437 tu
772 1397 906 1447 vives,
941 1396 1101 1450 poteris
1134 1409 1220 1436 non
1253 1408 1428 1436 munere
1462 1396 1678 1449 princeps,

540 1469 660 1520 Vive,
694 1469 836 1510 virens
868 1468 1013 1508 laurus
1046 1468 1105 1508 nil
1137 1468 1219 1508 nisi
1250 1467 1426 1515 Pthus
1460 1468 1530 1509 ait.

479 1541 664 1582 Laurum
689 1552 859 1593 semper
878 1552 988 1591 ama,
1016 1546 1057 1580 te
1082 1538 1338 1593 Daphnidos
1362 1539 1488 1579 arbor
1511 1538 1682 1590 amabit,

538 1612 681 1653 Prima
712 1611 789 1652 tibi
821 1610 954 1653 virtus
987 1611 1136 1651 ultima
1170 1610 1309 1663 sitque
1343 1623 1508 1664 precor.

330 1852 401 1892 Ad
428 1851 608 1893 eundem
636 1849 781 1891 dizmm
810 1848 1107 1890 wladislaum
1136 1846 1367 1902 Hmzyasrzsse
1396 1852 1433 1888 et
1460 1846 1662 1889 Bolzemz'e
1682 1861 1819 1902 regem

332 1922 532 1965 inmotis&
579 1920 721 1976 eleyia,
770 1935 856 1974 qua
881 1924 1008 1974 poeta
1052 1924 1173 1975 φοραί
1218 1919 1361 1961 choros
1387 1918 1582 1972 poeticos,
1629 1922 1677 1960 ut
1708 1918 1820 1974 Reffl·

375 2766 418 2799 10

628 1993 898 2046 applaudant
923 2006 1005 2045 pro
1038 1990 1213 2033 victoria
1245 1989 1520 2032 Pannonica.

476 2111 740 2165 Pegasidum
771 2116 912 2152 rorate
944 2111 1079 2162 lacus,
1115 2110 1214 2151 date
1248 2109 1375 2150 docta
1409 2108 1595 2150 Camene

537 2183 747 2234 Carmina,
781 2182 1078 2236 Thespiadum
1112 2187 1157 2222 tu
1191 2194 1359 2234 quoque
1394 2180 1518 2221 turba
1550 2180 1658 2222 veni.

476 2256 540 2296 Tu
573 2260 697 2310 pater
728 2254 863 2295 Alceu
895 2253 1071 2307 cythare
1105 2253 1277 2293 maioris
1310 2258 1475 2293 amator

533 2327 704 2368 Plectra
736 2338 874 2377 move,
908 2330 950 2365 61
983 2330 1133 2366 cantus
1167 2323 1372 2377 grandius
1406 2324 1516 2364 alme
1551 2335 1671 2364 voca.

475 2399 540 2439 Tu
574 2410 719 2439 sacros
752 2396 971 2438 Heliconis
1006 2409 1112 2449 opes
1147 2408 1170 2435 0
1203 2394 1340 2449 prima
1373 2407 1565 2435 sororum

533 2470 696 2522 Dirige,
731 2473 772 2509 et
803 2467 978 2521 ingenio
1011 2466 1188 2507 Phoebe
1222 2465 1413 2519 repende
1447 2466 1611 2507 chelim.

476 2540 660 2583 Castalis
693 2539 809 2580 unda
840 2551 992 2593 precor
1023 2537 1181 2578 nitidos
1214 2536 1425 2590 perfunde
1457 2537 1660 2589 liquores⁷

534 2612 701 2666 Sparge
733 2611 867 2664 lyram
901 2622 1025 2651 sacra
1059 2608 1245 2650 candida
1277 2607 1408 2649 fontis
1441 2621 1566 2661 aqua,

473 2682 629 2724 Meonii
661 2686 861 2722 resonate
895 2680 1025 2731 chori,
1060 2679 1330 2732 studiumque
1365 2679 1560 2720 canendo

533 2754 708 2804 Afferte‚
743 2758 785 2794 et
817 2752 980 2793 dociles
1015 2764 1208 2804 quasque
1243 2751 1352 2792 ciete
1387 2750 1507 2793 deas.

473 2826 652 2867 Aoniam
686 2824 874 2878 deposce
908 2823 1078 2864 domum
1111 2822 1358 2876 gratissima
1391 2822 1474 2873 dio7

532 2897 627 2938 Duc
660 2902 703 2937 et
734 2894 931 2936 Arionios
965 2893 1092 2935 docta
1125 2893 1280 2935 Thalia
1312 2893 1476 2935 modos.
