1919 3273
1480 128 1550 164 357

66 281 140 322 Ad
161 280 340 323 eundem
363 280 509 323 divum
534 279 832 323 Vuladislaum
859 281 1091 337 Hunqarie
1113 287 1151 324 et
1171 282 1372 325 Bohemie
1392 283 1549 340 Regem

55 350 188 405 opium
213 350 399 404 foelieem
427 356 464 394 et
485 365 648 405 semper
673 350 883 393 invictum
911 353 1219 407 congratulatio
1248 353 1295 395 ob
1318 353 1409 397 eius
1426 354 1549 397 victo-

67 421 180 464 riam
219 421 523 464 Pannonieam
554 425 752 475 superato
799 420 1105 465 Mammiliano
1138 423 1283 466 habita
1313 424 1447 467 Rome
1470 439 1552 480 per

223 493 459 548 Hunqaros
493 497 711 546 tamquam
740 491 789 534 in
824 494 972 546 templo
1003 493 1205 546 fortunae
1236 494 1397 549 optime.

280 612 398 654 Colle
431 617 625 653 sacratos
656 611 833 653 videant
864 618 1059 666 nepotes,

349 682 403 723 Et
434 683 552 723 iocos
585 681 682 724 dive
716 681 936 724 celebrare
968 683 1159 735 Romam,

350 753 493 804 Festa,
528 753 696 794 devotis
729 753 904 795 nuribus
936 760 1114 808 peracta

409 824 544 866 Marte
578 837 791 878 supremo.

175 920 195 952 5
280 908 359 949 Illa
391 906 605 948 fortunam
638 908 845 949 meruisse
878 907 1074 962 pandunt

351 979 532 1033 Templa
565 992 830 1021 communem
874 979 1046 1033 Lybicis
1080 981 1270 1023 subactis

350 1049 429 1091 Vel
462 1047 565 1098 Iube
597 1050 721 1103 nigri⁷
755 1050 1011 1104 domitisque
1044 1052 1190 1105 regnis

409 1120 518 1162 Vate
551 1120 733 1162 tribuno.

280 1203 444 1252 Prefuit
478 1203 611 1252 Cesar
643 1203 805 1245 meritis
838 1204 1063 1259 triumphis

153 1286 196 1319 10
352 1275 467 1316 Pace
501 1275 699 1316 confecta
732 1275 953 1316 cumulans
985 1275 1174 1328 fovebat,

353 1346 549 1388 Nubibus
582 1346 789 1400 Princeps
823 1346 965 1388 aditus
999 1346 1153 1389 Sabeis

413 1417 559 1458 Victor
590 1417 634 1458 in
667 1418 810 1459 armis.

284 1500 434 1542 Cernis
467 1514 522 1542 an
555 1500 692 1541 maius
725 1500 926 1542 tribuisse
959 1514 1111 1542 munus

353 1571 463 1614 Hinc
497 1571 705 1621 Quirinali
738 1571 949 1624 similique
981 1572 1116 1613 Marte

153 1654 197 1687 15
352 1643 407 1684 Et
439 1656 540 1684 suos
574 1643 671 1691 dive
704 1642 835 1684 voluit
869 1642 1056 1692 Quirites

413 1714 580 1755 Numen
612 1713 787 1755 habere.

282 1798 446 1851 Pompa
477 1797 645 1838 refluxit
677 1802 869 1838 veterum
902 1795 1090 1847 deorum,

353 1869 510 1910 Rostra
542 1868 749 1910 maiorum
782 1867 951 1909 redimit
984 1868 1135 1919 nitore,

356 1939 481 1982 Orbis
515 1946 557 1982 et
589 1940 766 1981 Romam
801 1938 1013 1980 dominam
1048 1938 1260 1979 ministrat

154 2022 200 2056 20
415 2012 607 2065 Inclytus
640 2011 780 2052 heros.

286 2095 456 2137 Gaudet
487 2095 742 2135 immensum
774 2093 932 2134 Remus
965 2098 1007 2133 et
1043 2092 1242 2142 Quirinus

361 2165 485 2216 Quod
518 2165 650 2207 decus
683 2170 800 2206 tante
834 2163 999 2218 patriae
1031 2164 1165 2205 tulisti

360 2237 431 2279 Sic
465 2250 546 2291 ego
579 2243 621 2278 et
646 2236 822 2277 multum
854 2239 1052 2289 repetant
1073 2241 1275 2288 parantes

419 2307 585 2350 Glorior
617 2313 747 2348 astra.

157 2401 202 2434 25
277 2391 447 2442 Quanta
482 2390 705 2432 Germanis
738 2390 887 2444 populi
920 2389 1111 2431 subactis

355 2462 489 2503 Festa
521 2462 703 2503 Romani
735 2461 908 2503 soboles
940 2459 1123 2515 peregit,

358 2532 570 2574 Gaudium
603 2538 758 2586 gentes
791 2532 937 2574 variae
972 2530 1183 2572 dederunt

416 2603 715 2655 Letitiamque.

289 2685 511 2728 Credimus
545 2685 666 2728 divos
699 2685 894 2728 celebres
926 2683 1085 2726 vidisse

158 2766 204 2802 30
359 2757 537 2811 Ignibus
568 2770 750 2811 pompas
783 2756 1062 2807 meritumque
1094 2754 1221 2795 factis

357 2828 568 2870 Invocans
601 2841 756 2869 nomen
788 2827 945 2868 totiens
977 2839 1054 2879 per
1084 2824 1217 2866 urben

419 2899 597 2941 Dulcius
630 2911 798 2952 agmen.
