1919 3273
249 117 323 151 510

1676 271 1748 306 Pag.

277 319 333 354 11.
359 318 657 353 Bartholomaei
682 319 803 354 Fontii
823 318 993 354 Saxettus
1013 319 1143 364 Incipit
1158 320 1204 354 ad
1221 320 1395 356 Ioannem
1413 319 1609 355 Corvinum

540 379 713 413 Matthiae
740 379 837 423 regis
864 379 891 412 F
895 406 1608 414 .............
1707 381 1752 415 18

277 451 333 485 12.
360 449 690 485 Bartholomaeus
715 450 869 485 Fontius
896 450 1005 485 Petro
1033 451 1223 485 Garasdae
1249 451 1449 486 Pannonio.
1478 451 1513 486 S.
1542 479 1548 485 .
1600 479 1607 486 .
1708 452 1752 486 19

386 529 430 533 -—
480 509 633 544 Fontius
661 510 707 543 ad
737 510 893 544 eundem
946 538 1608 545 ............
1709 511 1752 545 19

385 589 429 593 -
556 599 568 610 „
675 599 688 611 „
810 599 823 606 „
943 598 1606 605 ............
1706 570 1752 605 20

276 641 334 676 13.
361 639 685 676 Bartholomaeus
712 642 970 685 (Pannonius):
999 642 1200 677 Comoedia
1215 642 1362 687 Gryllus
1390 645 1426 676 et
1446 642 1611 677 eiusdem

542 701 634 736 inter
660 702 895 746 Vigilantiam
921 705 958 737 et
984 702 1185 746 Torporem
1210 702 1390 747 Dialogus
1423 730 1429 735 .
1483 730 1489 735 .
1542 729 1549 736 .
1601 730 1607 737 .
1708 702 1752 736 21

480 760 662 806 Prologus
688 762 724 796 in
752 761 915 807 Gryllum
936 762 1166 796 comoediam
1195 761 1417 796 Bartholom.
1445 761 1612 796 Pannoni
1709 762 1754 796 23

481 820 703 864 Vigilantiae
734 825 771 856 et
799 822 970 865 torporis,
1006 822 1138 855 virtute
1176 822 1310 856 arbitra
1339 821 1612 856 Bartholomaei

542 880 708 914 Pannoni
735 880 927 915 Certamen
947 908 1610 915 ............
1709 881 1753 915 31

276 952 336 986 14.
363 951 690 987 Bartholomaeus
699 952 975 987 Francfordius:
992 953 1052 986 Ad
1066 952 1265 997 Georgium
1279 953 1458 987 notarium
1468 951 1613 987 Cremb-

543 1012 743 1046 niciensem
771 1039 1611 1046 ...............
1710 1012 1756 1045 34

279 1077 336 1111 15.
363 1076 623 1111 Bartholinus
642 1077 871 1120 (Richardus)
888 1090 893 1110 :
921 1077 1050 1112 Partes
1070 1081 1282 1121 exscerptae
1303 1088 1346 1112 ex
1366 1087 1487 1121 opere,
1515 1078 1614 1122 quod

542 1137 751 1171 inscribitur
778 1136 1017 1181 Odeporicon.
1046 1137 1220 1178 Viennae,
1254 1137 1399 1171 XDXV.
1428 1165 1434 1171 .
1488 1165 1494 1170 .
1547 1165 1553 1171 .
1606 1165 1612 1171 .
1712 1137 1756 1170 35

283 1203 338 1236 16.
365 1202 499 1237 Beken
526 1203 798 1246 (Benedictus):

483 1262 717 1306 Epigramma
744 1263 790 1296 ad
817 1261 1043 1306 Stephanum
1069 1263 1114 1296 de
1141 1262 1358 1297 WerbeuCZ.
1385 1261 1566 1296 MDXVII.
1606 1289 1613 1296 .
1712 1262 1756 1296 38

485 1322 660 1356 Eiusdem
686 1322 723 1355 in
749 1322 986 1356 Ardeolinem
1014 1325 1051 1356 et
1074 1322 1212 1356 Zoilum
1229 1322 1473 1366 Epigramma.
1499 1321 1541 1355 In
1558 1321 1615 1357 ed.

544 1381 620 1415 Iani
646 1381 823 1415 Pannoni.
850 1381 1026 1422 Viennae,
1053 1381 1206 1414 MDXIV
1211 1408 1613 1416 ........
1712 1380 1757 1415 38

284 1441 339 1475 17.
392 1460 436 1464 ——
486 1440 761 1485 (Benedictus):
793 1440 853 1474 Ad
881 1440 1105 1484 Stephanum
1132 1440 1177 1475 de
1205 1441 1420 1475 Werbeucz.
1448 1440 1614 1475 MDXIV.
1712 1439 1758 1474 38

486 1500 677 1535 Benedicti
703 1500 857 1535 Bekenii
882 1500 1074 1535 Distichon
1103 1501 1149 1534 ad
1174 1501 1366 1535 Lectorem
1429 1528 1435 1534 .
1489 1528 1495 1534 .
1548 1528 1554 1534 .
1607 1527 1613 1534 .
1711 1499 1758 1534 40

282 1567 337 1601 18.
364 1565 584 1601 Beroaldus
611 1566 854 1609 (Philippus):
894 1565 953 1599 Ad
979 1566 1127 1600 Petrum
1153 1565 1483 1609 Archiepiscopum
1511 1564 1616 1599 Colo-

546 1636 695 1660 censem
722 1625 890 1669 epistola.
918 1625 1094 1667 Venetiis,
1122 1623 1392 1660 MCCCCCIIII.
1429 1652 1436 1659 .
1489 1652 1494 1658 .
1548 1652 1554 1658 .
1607 1652 1614 1658 .
1713 1624 1758 1657 40

281 1692 336 1725 19.
365 1690 561 1726 Bocchius
589 1691 782 1733 (Achilles)
811 1693 1004 1734 poemata:

483 1751 537 1786 De
564 1751 745 1795 poematis
773 1751 850 1784 Iani
875 1751 1054 1784 Pannonii
1126 1774 1610 1784 .........
1710 1749 1756 1782 44

484 1811 660 1844 Tumulus
688 1810 791 1844 Pauli
809 1810 975 1844 Pannoni
1001 1821 1066 1854 pro
1095 1810 1178 1844 Seb.
1199 1810 1320 1854 Magio
1340 1809 1505 1843 Panonn.
1532 1808 1614 1843 Dis-

544 1870 665 1913 cipulo
710 1896 1612 1904 ................
1712 1868 1758 1901 44

484 1930 661 1964 Tumulus
688 1930 872 1963 Francisci
895 1929 1069 1963 Saxatelli
1087 1940 1153 1973 pro
1173 1929 1304 1964 eodem
1323 1928 1466 1963 Sebast.
1494 1928 1615 1973 Magio
1712 1928 1759 1961 44

485 1989 660 2024 Tumulus
700 1990 875 2034 Margaris
915 1989 1116 2023 Germanae
1155 2000 1220 2032 pro
1249 1988 1467 2023 Sebastiano
1494 1988 1615 2032 Magio

543 2049 733 2093 Discipulo
774 2075 1613 2082 ...............
1712 2046 1757 2080 45

278 2116 339 2151 20.
366 2114 563 2150 Boeehius
581 2115 645 2148 Ph.
675 2114 887 2157 (Achilles):
916 2114 1083 2157 Epistola
1110 2115 1155 2148 ad
1183 2113 1441 2148 Sebastianum
1458 2113 1617 2157 Magium

540 2174 778 2208 Pannonium.
806 2174 1005 2214 Bononiae,
1033 2173 1187 2207 MDXIII
1192 2197 1613 2207 ........
1711 2171 1757 2205 45

283 2241 338 2275 21.
365 2239 571 2275 Bonfinius
610 2240 845 2282 (Antonius):
885 2239 1071 2273 Praefatio
1110 2239 1145 2272 in
1172 2238 1439 2272 traductionem
1466 2238 1616 2272 Hermo-

545 2300 649 2345 genis
669 2300 715 2333 ad
730 2309 855 2344 regem
869 2299 1057 2332 Matthiam
1073 2298 1138 2332 Ed.
1154 2298 1333 2341 Lugduni.
1349 2296 1615 2330 MDXXXVIII.
1713 2297 1759 2331 47

284 2360 338 2393 22.
393 2380 435 2383 -—
488 2359 720 2401 (Antonius):
760 2359 946 2393 Praefatio
973 2359 1009 2392 in
1035 2357 1300 2392 traductionem
1338 2357 1615 2391 Architecturae

545 2419 697 2453 Antonii
724 2419 885 2453 Verulini
953 2444 1613 2452 ............
1714 2416 1757 2449 52

285 2480 340 2514 23.
393 2499 436 2502 -—
487 2479 722 2520 (Antonius):
749 2478 934 2512 Praefatio
962 2477 998 2510 in
1025 2476 1244 2522 Symposion
1273 2476 1318 2510 de
1336 2475 1553 2520 Virginitate
1581 2477 1618 2509 et

545 2538 726 2572 Pudicitia
752 2538 945 2582 coniugali.
974 2537 1040 2570 Ed.
1068 2535 1244 2577 Venetus,
1271 2535 1432 2568 MDXIV.
1489 2563 1494 2568 .
1547 2562 1553 2568 .
1607 2562 1613 2568 .
1714 2534 1758 2568 58

286 2600 342 2632 24.
395 2618 438 2621 —
489 2598 725 2641 (Antonius):
753 2597 938 2631 Praefatio
963 2597 1000 2630 in
1020 2607 1106 2631 suas
1128 2595 1289 2629 decadas
1315 2596 1361 2629 ad
1380 2595 1619 2636 Uladislaum‚

546 2667 670 2701 regem
697 2657 905 2701 Hungariae
930 2656 1176 2699 Boemiacque
1194 2681 1615 2688 ........
1714 2654 1757 2687 63

285 2717 343 2751 25.
396 2736 439 2740 —
492 2717 723 2759 (Antonius):
765 2716 950 2750 Praefatio
977 2716 1013 2748 in
1039 2714 1306 2749 traductionem
1332 2712 1544 2747 Philostrati
1571 2712 1618 2746 ad

547 2786 670 2820 regem
697 2775 885 2809 Matthiam
954 2799 1613 2808 ............
1714 2771 1758 2805 65

285 2836 341 2869 26.
370 2835 598 2878 Calcagnini
627 2835 802 2876 (Coelius)
836 2844 947 2878 opera
975 2834 1123 2877 aliquot.
1150 2833 1329 2873 Basileae‚
1356 2831 1549 2865 MDXLIV.
1574 2851 1613 2855 -—

548 2895 677 2928 Variae
706 2894 885 2937 epistolae
959 2918 1557 2926 ...........
1619 2889 1758 2924 76--98
