1919 3273
271 109 339 142 492

422 252 492 294 sio
524 252 662 294 visum
697 252 888 306 Superis,
922 252 1034 294 Iovis
1068 258 1112 293 ut
1145 258 1367 306 raperetur
1399 252 1454 293 ad
1481 252 1621 293 aulam

480 324 771 377 Mulceretque
804 330 914 375 tuos,
948 324 1122 378 Iupiter,
1155 323 1388 376 Indigetes.

420 396 543 437 Hunc
575 409 660 437 non
693 396 801 437 livor
834 395 946 436 edax
974 396 1126 436 animis
1159 408 1239 436 nec
1271 395 1441 448 longius
1469 408 1621 436 aevum

479 467 661 518 Eximet,
696 467 810 507 1111110
842 467 1009 520 releget
1042 467 1254 519 doctaque
1287 467 1531 520 posteritas.

431 644 599 687 Hilarii
638 644 873 698 Volphardi
910 644 1228 698 Trcmssylvcmt
1259 643 1566 686 Heoeast‘ichon.
1590 643 1604 666 ²

419 753 660 794 Immodicis
692 753 821 794 Ianus
855 752 954 793 dum
987 751 1157 793 fletibus
1191 757 1290 793 aere
1326 751 1523 805 complet,

477 825 531 865 Et
565 825 679 866 canit
712 824 863 875 Aonia,
899 824 1089 865 carmina
1121 828 1287 864 moesta
1320 823 1425 876 lyra,

419 896 623 937 Phoebus
657 896 729 944 311,
763 902 909 936 natum
942 895 1092 935 infelix
1124 894 1371 935 Phaetonta
1402 894 1586 946 requiro,

477 967 556 1009 Hic
588 966 735 1007 matris
768 967 889 1020 luget
921 966 1074 1006 funera
1107 979 1240 1007 saeva
1274 979 1391 1007 suae.

420 1038 537 1088 Quos
572 1038 701 1079 studii
735 1044 777 1079 et
800 1051 963 1079 morum
986 1037 1202 1090 quondam
1226 1037 1505 1078 coniunxerat
1527 1049 1646 1089 usus,

478 1110 602 1151 Nunc
634 1109 739 1151 facit
773 1116 814 1150 et
847 1109 926 1150 fati
958 1109 1047 1149 fors
1079 1108 1252 1150 inimica
1284 1122 1425 1162 pares.

438 1276 606 1318 Hilarii
647 1275 880 1329 Volplmrdz'
917 1274 1237 1329 Tra'nssylmm
1269 1272 1595 1329 Epz'yov’ammffl

420 1385 534 1425 Laus
567 1385 610 1425 in
644 1385 856 1426 amicitiae
890 1398 1025 1437 regno
1060 1384 1139 1425 fuit
1171 1397 1257 1424 una
1287 1383 1438 1437 reponi

480 1455 589 1497 Olim
623 1456 884 1505 Trinacriae,
920 1469 1050 1497 saeve
1083 1462 1279 1508 tyranne,
1314 1454 1402 1496 tibi.

419 1528 709 1580 Insanumque
744 1528 866 1580 sequi
898 1527 1088 1581 Pylades
1121 1527 1340 1580 gaudebat
1375 1526 1586 1578 Orestem,

484 1599 568 1640 Per
601 1599 784 1653 spineta,
818 1600 953 1650 lacus,
987 1598 1174 1650 flumina,
1208 1612 1318 1649 rura,
1355 1598 1517 1639 domos.

420 1671 594 1712 Pelides
629 1684 775 1712 casum
808 1671 996 1712 Patrocli
1031 1676 1096 1711 est
1129 1671 1256 1722 ultus,
1292 1677 1491 1712 ovantem

479 1742 668 1783 Hectora
701 1742 799 1784 dum
833 1745 990 1784 circum
1024 1743 1194 1783 moenia
1226 1742 1406 1796 pulchra
1437 1742 1549 1796 rapit

421 1814 548 1854 Tanti
582 1821 673 1855 erat
708 1815 895 1867 antiquis
928 1828 1074 1856 carum
1107 1828 1308 1856 servasse
1344 1814 1550 1865 sodalem,

480 1885 609 1926 Tanti
643 1892 735 1927 erat
767 1886 949 1927 hostiles
982 1886 1242 1940 pertinuisse
1275 1887 1426 1927 11111133.

423 1956 510 1998 Sed
543 1957 721 1998 vitanda
753 1963 898 1999 tamen
931 1971 1016 1998 non
1050 1964 1147 1999 sunt
1179 1957 1352 1998 inimica
1386 1956 1581 2009 subinde,

479 2028 688 2082 Exemplo
723 2029 923 2082 quoniam
957 2029 1100 2070 Pelias
1133 2029 1261 2069 hasta
1292 2028 1382 2069 fuit.

422 2099 662 2141 Thessalus
687 2107 729 2141 et
751 2101 883 2142 vitam
907 2100 1185 2154 despondens
1220 2113 1374 2154 nempe
1397 2099 1696 2151 Prometheus,

480 2171 528 2211 In
560 2171 676 2212 bello
711 2171 902 2213 medicas
936 2172 1126 2225 repperit
1158 2172 1252 2225 ipse
1286 2184 1451 2212 manus.

424 2242 516 2283 Sint
548 2243 780 2284 inimicitiis
814 2256 940 2296 quam
963 2243 1187 2284 commoda
1210 2243 1355 2293 multa,
1380 2242 1636 2283 Plutarchus

479 2315 691 2367 Explicat,
726 2315 942 2368 optandae
976 2320 1021 2354 ut
1055 2314 1139 2355 sint
1171 2314 1431 2355 inimicitiae.

422 2385 683 2438 Interituque
718 2385 864 2426 dolent
896 2385 1051 2426 flentes
1085 2385 1226 2427 divine
1259 2390 1403 2439 poeta,

480 2457 627 2507 Italus,
662 2457 771 2498 heu!
805 2458 995 2508 nimium,
1028 2457 1364 2509 Pannoniusque
1399 2462 1485 2497 tuo.

424 2528 511 2569 Sed
534 2536 608 2569 tua
629 2528 747 2570 fama
769 2535 915 2569 tamen
935 2529 1064 2579 vivet,
1089 2528 1188 2569 dum
1213 2527 1382 2568 Granus
1405 2527 1448 2567 in
1470 2527 1625 2568 Istrum

483 2599 630 2641 Curret
665 2607 706 2640 et
738 2601 780 2641 in
813 2600 940 2641 Ponti
972 2599 1070 2640 dum
1103 2599 1206 2640 fluet
1238 2600 1347 2640 Ister
1380 2611 1528 2650 aquas.

396 2728 403 2746 ¹
432 2728 541 2761 Ianus
559 2728 771 2762 Pannonius
791 2728 931 2763 tizentjt
951 2726 1110 2772 elegiaja
1139 2727 1308 2768 1592-iki‚
1336 2726 1511 2771 bolognai
1537 2725 1767 2760 kiadasanak

275 2785 434 2831 elejero'l.

431 2847 539 2881 Ianus
566 2847 776 2882 Pannonius
815 2846 1095 2881 Plutarchosbol
1122 2845 1161 2881 es
1188 2845 1522 2880 Demosthenesbo'l
1548 2843 1630 2878 valo
1656 2843 1768 2878 fordi-

273 2905 354 2939 tasa
382 2906 551 2946 1522-iki,
579 2906 754 2950 bolognai
781 2905 1011 2940 kiadasanak
1036 2904 1196 2950 vegerol.
