1919 3273
366 135 435 169 386

417 361 460 395 10

514 279 594 321 Vel
626 279 709 322 duo
745 280 780 321 si
813 281 979 335 scopuli
1011 282 1182 336 rapient
1215 288 1257 323 et
1290 281 1435 336 Scylla
1469 282 1677 337 Carybdis

575 351 712 393 Tutus
745 351 970 406 confugies
1004 353 1114 394 inter
1146 359 1371 406 utrumque
1404 354 1574 396 fretum.

514 422 604 464 Iam
635 423 747 464 bene
780 424 1039 478 percipimus
1075 424 1189 477 quod
1212 438 1352 466 rerum
1376 432 1549 479 sceptra
1580 425 1726 475 tueris,

573 494 734 536 Parent
765 495 1039 549 magnanimo
1074 497 1110 538 si
1145 495 1229 538 duo
1261 510 1398 550 regna
1431 496 1540 538 duci.

366 648 438 690 Ad
459 649 641 691 eundem
664 648 808 690 divum
835 649 1134 692 Vuladz'slaum
1163 650 1395 706 Hunyarie
1420 654 1458 692 et
1477 650 1679 693 Bohemie
1698 650 1861 706 Reyem

359 720 580 772 potentiss.
626 720 674 762 de
718 720 810 763 eius
850 720 1074 774 presentia
1109 721 1245 777 reyali
1277 736 1356 775 que
1402 726 1552 764 ceteros
1584 736 1700 777 ‘reyes
1732 722 1860 765 duces

414 1542 457 1576 10

413 1900 455 1932 15

411 2257 454 2291 20

828 792 1132 846 principesque
1164 793 1385 835 antecellit.

516 886 665 937 Qualis
697 887 959 942 Olympiacis
987 888 1109 931 divos
1140 889 1372 943 superemit
1402 887 1445 943 (1)
1479 888 1538 942 (Ξ
1553 887 1860 944 supereminet)

553 959 764 1013 >Iuppiter
797 965 838 1000 et
870 960 1017 1001 Pallas
1051 960 1211 1001 vertice
1244 967 1348 1001 nata
1382 960 1518 1011 deas;
1756 958 1860 1015 [oris

514 1029 663 1080 Qualis
696 1031 924 1085 Amycleos
957 1032 1153 1085 perlucet
1188 1031 1339 1073 Castor
1371 1032 1573 1082 honores,

572 1102 656 1143 Aut
688 1102 881 1144 Hecatae
914 1103 1055 1152 medie
1090 1103 1247 1157 sydera
1278 1103 1423 1145 vincta
1457 1103 1563 1155 duo;

514 1173 663 1224 Qualis
694 1175 738 1215 in
771 1174 1000 1216 aethereos
1033 1181 1216 1229 apparet
1248 1175 1530 1229 Phosphorus
1562 1175 1700 1229 ignes,

575 1245 679 1287 Cum
711 1246 924 1300 Paphium
956 1247 1074 1287 laxat
1107 1252 1233 1288 nocte
1265 1252 1437 1288 tacente
1471 1246 1621 1298 iubar;

515 1316 665 1367 Qualis
699 1325 741 1374 et
773 1317 829 1358 ad
860 1318 1019 1359 bellum
1052 1319 1198 1371 Reges
1229 1317 1427 1372 fulgebat
1459 1318 1607 1369 ituros,

571 1389 738 1430 Archas
771 1389 1101 1443 Agenenoreum
1135 1387 1177 1443 (!)
1211 1402 1332 1430 rarus
1364 1390 1409 1430 in
1437 1389 1539 1430 orbe
1573 1389 1725 1440 decor3

516 1459 665 1510 Qualis
700 1466 742 1501 et
773 1461 946 1502 Aeneas
981 1461 1152 1502 Troiam
1187 1474 1392 1515 superare
1427 1474 1647 1503 coruscam

573 1531 677 1573 Cum
708 1532 803 1573 tulit
834 1532 1066 1587 hospitium
1103 1533 1435 1586 sanguinolenta
1467 1539 1610 1586 tyr0s;

514 1602 663 1654 Qualis
697 1604 885 1645 odoratis
918 1610 1138 1658 spectatur
1171 1604 1325 1658 Apollo
1359 1603 1563 1655 camenis,

573 1675 677 1716 Cum
710 1676 909 1716 Pateram
943 1682 1015 1716 aut
1048 1675 1223 1729 Lyciam
1257 1675 1399 1716 Delon
1427 1681 1468 1716 et
1487 1674 1548 1716 ire
1581 1680 1719 1729 parat,

513 1746 661 1797 Qualis
696 1753 738 1788 et
770 1759 793 1787 e
826 1747 951 1788 turba
984 1747 1203 1789 volucrum
1237 1747 1467 1801 cythereus
1500 1746 1695 1797 habetur,

569 1818 782 1859 Provocat
814 1823 859 1858 ut
891 1818 1048 1859 fratres
1083 1831 1155 1859 ore
1188 1831 1402 1871 manuque
1435 1817 1549 1868 levi3

513 1889 695 1930 Maxime
729 1902 823 1930 cum
847 1889 1038 1944 pendent
1070 1889 1259 1931 humeris
1281 1888 1550 1943 fulgentibus
1573 1888 1723 1936 umbre

572 1961 738 2002 Aureus
771 1960 951 2001 Ismaria
982 1960 1117 2002 fertur
1149 1960 1192 2001 in
1227 1974 1383 2014 agmen
1416 1973 1521 2001 ave:

513 2032 584 2074 Sic
616 2039 662 2073 tu
694 2031 926 2085 belligeros
961 2045 1156 2086 superas⁷
1192 2045 1286 2073 cum
1318 2031 1478 2073 vertice
1511 2043 1652 2084 reges,

569 2104 623 2144 Et
656 2104 795 2145 claros
830 2103 1009 2156 equites,
1043 2102 1166 2144 fortis
1201 2110 1243 2144 et
1276 2116 1380 2144 ense
1415 2101 1560 2143 duces.

512 2174 546 2217 O
581 2176 718 2228 qualis
752 2175 860 2217 coeli
892 2174 1065 2216 facies‘?
1100 2188 1154 2215 an
1188 2174 1308 2215 fiuxit
1342 2172 1561 2228 Olympo?

569 2247 751 2287 Numine
785 2253 872 2287 tam
907 2253 1056 2287 sancto
1090 2245 1399 2299 conspicienda
1432 2250 1587 2286 manet.

511 2318 557 2360 Si
588 2318 701 2359 bene
734 2318 930 2359 metimur
963 2318 1107 2371 superi
1141 2324 1214 2358 tua
1245 2323 1346 2359 vota
1379 2323 1580 2357 verentur

569 2389 816 2431 Vuladislae
850 2395 1004 2443 potens
1039 2395 1080 2429 et
1113 2388 1318 2442 genuisse
1351 2387 1501 2430 virum.

361 2543 431 2584 Ad
454 2543 634 2585 eundem
662 2542 961 2584 Vuladz'slaum
984 2541 1129 2583 divum
1152 2541 1308 2596 Reyem
1337 2540 1569 2596 Hunyarz'e
1590 2545 1627 2582 et
1652 2540 1854 2583 Bohemie

508 2613 835 2656 invictissimum
870 2614 920 2655 de
951 2612 1064 2654 mira
1096 2612 1187 2654 eius
1213 2612 1410 2666 potentia
1442 2617 1479 2654 et
1510 2611 1702 2654 numine.

511 2709 624 2759 Quid
656 2709 845 2751 referent
879 2709 1050 2763 superi!
1084 2709 1196 2750 votis
1229 2716 1270 2749 te
1305 2709 1485 2761 quisque
1518 2708 1674 2761 fatigat

568 2780 789 2834 Princeps,
823 2780 947 2821 Aonii
980 2780 1163 2820 maxima
1198 2793 1300 2821 cura
1333 2780 1450 2821 chori

509 2852 575 2892 An
608 2852 903 2893 succensuerit
935 2852 1059 2893 nobis
1093 2849 1147 2904 (si
1180 2851 1393 2893 credimus
1428 2848 1528 2905 aris)

568 2923 769 2977 Iuppiter,
802 2923 845 2963 in
878 2923 1032 2964 vestris
1067 2929 1183 2963 stant
1218 2936 1342 2964 sacra
1374 2936 1510 2976 prona
1542 2922 1666 2964 focis.
