1955 3278
354 124 423 158 250

351 634 397 667 40

351 989 397 1021 45

353 1346 398 1379 50

351 1703 395 1736 55

351 2060 395 2093 60

350 2416 393 2449 65

348 2770 394 2804 70

472 267 656 308 Massica
690 267 789 308 vina
822 267 1007 320 placent,
1043 273 1084 308 et
1116 266 1374 319 Tergestina
1406 265 1651 319 probantur.

529 338 795 391 Extinguunt
829 337 1027 392 cupidam
1060 339 1215 390 vixque
1250 337 1465 378 Phalerna
1500 336 1621 377 sitim.

473 409 636 450 Crescit
669 408 857 449 luxuries
890 422 1042 457 rerum,
1076 409 1350 463 perdensque
1385 420 1557 460 vorago.

532 480 767 521 Conturbat
800 493 968 531 sensus,
1004 480 1283 532 debilitatque
1318 484 1460 533 caput,

471 551 580 592 Hinc
613 551 754 592 varios
788 551 953 592 miseris
986 552 1219 604 languores
1253 550 1430 591 artubus
1463 550 1605 600 infert,

530 623 638 663 Hinc
670 628 798 664 vexat
831 622 970 663 lentos
1003 622 1127 663 tarda
1162 621 1355 676 podagra
1387 621 1536 674 pedes.

473 693 543 735 Sic
575 694 753 735 veniunt
786 694 930 734 tristes
965 693 1110 744 morbi,
1144 693 1366 746 turpisque
1401 698 1616 744 senectus,

532 765 603 806 Sic
636 765 765 806 subiti
799 765 979 815 cineres,
1015 777 1194 817 corpora
1225 769 1348 805 vasta
1381 769 1548 804 necant.

473 836 564 877 Hac
596 836 761 876 ratione
797 841 939 889 potest
972 835 1142 876 minime
1177 847 1424 876 succurrere
1458 847 1592 887 regno

530 907 714 958 Viribus,
751 913 792 948 et
825 907 991 960 patriae
1024 906 1146 947 fortis
1180 906 1336 947 adesse
1370 906 1480 960 piae.

472 978 694 1031 Exanguis
727 978 835 1019 livor
868 991 999 1019 caeco
1034 991 1108 1019 vos
1142 985 1334 1019 macerat
1367 977 1481 1030 igne,

530 1050 582 1090 Et
617 1049 751 1103 turpis
785 1056 976 1102 questus,
1012 1048 1272 1101 ambitioque
1305 1048 1426 1089 levis.

476 1120 510 1162 O
545 1120 718 1162 nimium
753 1120 904 1161 studiis
937 1120 1152 1161 hominum
1188 1120 1351 1162 sociata
1385 1119 1552 1173 cupido,

531 1192 566 1234 O
596 1193 769 1233 nimium
803 1193 915 1233 veris
949 1193 1117 1233 aemula
1154 1192 1270 1233 facta
1302 1191 1439 1232 bonis.

470 1264 653 1305 Insidias
687 1264 814 1305 sentit
849 1264 1043 1316 quamvis
1077 1263 1147 1316 qui
1180 1277 1282 1305 vera
1314 1263 1487 1314 fatetur,

531 1336 729 1387 Exilium,
765 1336 903 1376 siccas
937 1334 1053 1387 (vim,
1088 1335 1200 1376 mala
1234 1333 1405 1388 damna)
1438 1335 1575 1375 minas

470 1407 548 1448 Ast
581 1419 732 1448 moneo
766 1420 925 1458 verum,
959 1420 1056 1447 nam
1091 1406 1126 1447 si
1159 1406 1264 1460 petit
1296 1405 1491 1460 improba
1524 1405 1672 1459 lingua

531 1477 754 1527 Questum,
788 1490 913 1518 nemo
946 1484 1089 1531 potest
1122 1477 1236 1519 hunc
1268 1477 1452 1519 retinere
1487 1476 1559 1518 diu

472 1549 566 1590 Non
600 1557 786 1601 taxoque
822 1554 973 1601 status,
1007 1562 1155 1590 verum
1189 1548 1264 1590 sed
1301 1548 1442 1590 dicere
1476 1561 1608 1602 posco

530 1622 672 1673 Argue
708 1620 785 1661 sed
819 1620 985 1671 vicium,
1020 1620 1209 1671 crimina,
1242 1626 1364 1673 turpe
1398 1619 1536 1660 nefas.

472 1691 661 1742 Quilibet
694 1692 870 1733 alterius
903 1697 1060 1732 sortem
1093 1691 1262 1745 nigrare
1296 1691 1462 1732 laborat

529 1763 742 1804 Morsibus
775 1762 959 1814 infestis,
993 1761 1217 1804 fraudibus
1251 1768 1378 1815 atque
1413 1761 1535 1803 dolis.

469 1834 523 1875 Et
556 1833 735 1875 demens
769 1834 945 1875 tacitum
980 1833 1139 1875 cruciat
1173 1832 1388 1875 discordia
1420 1838 1571 1886 pectus

529 1907 764 1960 Disgregat
797 1914 839 1947 et
872 1914 1050 1956 mentes,
1085 1919 1165 1946 nec
1200 1906 1297 1946 sinit
1331 1918 1427 1946 esse
1462 1917 1601 1959 pares.

470 1978 658 2028 Quilibet
691 1978 900 2019 ecclesias
935 1977 1091 2018 Christi
1123 1977 1351 2018 manifeste
1384 1975 1610 2022 remordet,

528 2050 668 2102 Atque
703 2048 953 2090 sacerdotes
987 2061 1164 2102 carpere
1198 2048 1326 2089 dente
1361 2047 1481 2089 solet.

469 2121 612 2161 Iustus
647 2121 700 2162 ab
735 2120 891 2161 iniusto
924 2120 1041 2160 nullo
1076 2119 1317 2161 discrimine
1351 2119 1468 2169 vivit,

527 2192 733 2232 Virtutem
768 2192 926 2232 crimen
959 2190 1258 2245 praecipitavit
1292 2189 1420 2241 humi,

468 2263 621 2305 Vivere
655 2262 799 2304 virtuti
832 2268 897 2303 est
930 2275 1041 2303 nunc
1076 2262 1273 2312 delirare,
1312 2261 1555 2313 bonumque

529 2334 584 2375 Se
618 2334 802 2374 formare
835 2333 986 2387 pudor,
1020 2333 1152 2383 fraus,
1187 2332 1324 2383 dolus,
1358 2333 1420 2373 ira
1453 2333 1627 2386 placent

468 2405 693 2458 Ingenium
726 2405 874 2456 fallax,
908 2418 1028 2445 mens
1063 2404 1247 2445 subdola
1279 2404 1457 2456 nequior
1489 2410 1608 2444 astus

529 2476 709 2517 Caetera
741 2475 810 2516 vix
843 2476 978 2517 ausim
1014 2475 1215 2526 scribere,
1251 2476 1340 2516 sive
1373 2474 1501 2527 loqui.

469 2547 625 2601 Spreta
658 2547 770 2588 iacet
793 2546 998 2600 probitas,
1033 2546 1187 2586 vicium
1216 2545 1458 2587 dominatur
1481 2551 1522 2586 et
1545 2558 1718 2594 aurum;

527 2618 790 2672 Simplicitas
823 2618 1041 2671 premitur,
1076 2617 1388 2669 integritasque
1422 2617 1545 2670 perit.

469 2689 611 2730 Floret
645 2688 855 2736 adulator,
887 2689 996 2729 latro
1031 2687 1173 2738 saltat,
1208 2688 1305 2728 leno
1339 2687 1585 2741 triumphat,

527 2759 621 2800 Heu
655 2759 923 2813 sycophanta
956 2758 1079 2811 regit,
1114 2757 1304 2810 proditor
1337 2758 1424 2798 alta
1456 2758 1574 2811 petit.

469 2830 651 2883 Relligio
686 2836 931 2883 contempta
965 2835 1121 2869 manet.
1155 2829 1357 2881 regisque
1391 2835 1585 2881 potestas

526 2900 786 2954 Despicitur,
820 2912 941 2940 rarus
976 2899 1261 2951 obsequiosus
1295 2898 1431 2939 adest.
