1919 3273
311 112 380 147 380

460 255 736 297 Vuladislaus
769 261 869 297 avet
902 254 938 296 si
970 260 1032 296 tot
1064 255 1320 309 cognomina
1353 262 1491 297 sumet

518 323 555 368 A
587 327 760 381 populis
792 326 917 368 victis
951 332 992 368 et
1024 327 1139 381 prior
1171 326 1287 368 orbis
1321 327 1413 368 erit.

360 409 403 442 15
460 399 528 440 Da
560 398 686 440 modo
721 397 960 440 candentes
993 399 1130 440 victas
1164 398 1358 452 Ungaria
1390 397 1511 440 dives

521 470 603 520 Qui
634 470 704 511 vel
737 469 791 511 ab
824 469 1019 523 Augusto
1052 471 1122 512 vel
1153 469 1255 512 Iove
1288 483 1445 511 numen
1478 469 1622 511 habet.

311 683 383 725 Ad
405 683 586 725 eundem
609 682 755 724 divum
781 682 1080 724 Vuladzssslamn
1106 682 1338 738 Hzmyarie
1361 687 1397 725 et
1419 681 1620 725 Bohemie
1644 681 1805 737 chem

352 753 558 797 invictiss.
594 754 643 796 de
675 768 852 796 suorum
885 753 1131 796 meritorum
1164 753 1433 797 observantia
1465 758 1502 796 et
1533 752 1761 809 relligione.

463 874 610 916 Idibus
645 875 880 916 altitonans
912 881 1059 929 patres
1093 874 1193 916 dum
1225 875 1394 917 viscera
1425 875 1575 925 libant,

520 946 678 988 Divisit
711 945 842 987 fibras
874 946 1065 1000 Iuppiter
1098 959 1200 988 ecce
1234 959 1348 988 suas.

461 1017 528 1059 Ad
561 1023 602 1059 te
636 1029 852 1071 propense
886 1017 1054 1058 fumant
1087 1018 1241 1059 altaria
1272 1023 1446 1069 matres,

519 1089 574 1130 Et
605 1089 789 1130 lustrant
822 1088 923 1130 alba
955 1089 1117 1143 templa
1150 1089 1293 1130 dicata
1325 1089 1450 1131 bove.

385 1171 404 1203 5
460 1160 552 1202 Nec
586 1160 742 1202 desunt
774 1166 933 1201 matres
967 1159 1213 1213 ducantque
1246 1160 1368 1214 pacis
1401 1159 1456 1201 ad
1489 1173 1588 1201 aras

518 1232 654 1273 Natos
688 1237 730 1273 et
761 1237 905 1273 castas
939 1231 1054 1274 crine
1089 1231 1270 1273 decente
1303 1244 1448 1272 nurus.

462 1302 720 1356 Hungaricis
754 1302 929 1344 decorat
960 1308 1035 1344 tua
1058 1302 1281 1344 frondibus
1303 1302 1464 1356 inclyta
1484 1307 1611 1353 terra,

521 1374 635 1416 Mitis
670 1380 715 1415 ut
746 1374 789 1415 in
822 1380 914 1415 tota
948 1380 1036 1415 stes
1069 1374 1246 1427 regione
1281 1373 1400 1415 deus.

462 1446 551 1487 Iam
584 1452 625 1487 te
659 1446 848 1500 populea
880 1451 1150 1499 spectantem
1183 1451 1323 1486 rostra
1356 1457 1527 1486 corona.

363 1526 406 1561 10
524 1517 680 1558 Cernet
714 1523 755 1558 et
787 1517 1026 1558 Herculeas
1059 1530 1132 1558 ore
1165 1522 1354 1570 pavente
1388 1515 1517 1557 feras.

316 1729 387 1771 Ad
416 1730 595 1771 eundem
627 1729 772 1771 dii-mn
804 1728 1101 1770 Vzcladislaum
1131 1727 1364 1784 Himyarie
1384 1733 1421 1770 et
1448 1728 1650 1770 Bohe'mie
1672 1742 1810 1783 regem

388 1800 658 1855 splendidiss.
691 1800 849 1853 fortiss.
875 1800 1003 1854 pium
1034 1799 1220 1853 foclicem
1255 1804 1292 1841 et
1324 1813 1489 1853 semper
1519 1798 1737 1841 ini-ictum.

467 1920 639 1962 Summe
675 1920 899 1962 Caledonii
931 1920 1097 1961 Pelleia
1130 1925 1256 1973 gesta
1288 1919 1513 1973 repultans

525 1991 559 2034 O
593 1992 808 2046 princeps,
844 1991 1018 2033 Domini
1052 1991 1249 2032 Sarmata
1281 1991 1370 2044 pila
1401 1990 1534 2031 timet.

465 2064 713 2104 Prostrares
745 2063 899 2104 iterum
931 2063 1118 2104 Nemees
1153 2076 1246 2104 cum
1281 2068 1371 2103 arte
1404 2061 1596 2102 laborem

526 2135 610 2176 Aut
641 2134 977 2188 Erymantheum
1011 2133 1213 2187 perderet
1246 2133 1362 2174 ensis
1396 2146 1558 2187 aprum.

391 2218 410 2249 5
466 2207 628 2260 Regius
662 2206 795 2247 ambit
827 2206 966 2247 honos
1001 2204 1225 2258 Tyrinthia
1256 2204 1416 2255 limina,
1452 2203 1590 2256 qualis

529 2277 794 2331 Stimphalus
828 2277 971 2318 docuit
1002 2277 1165 2330 pellere
1198 2288 1327 2330 posse
1361 2275 1497 2316 nives.

467 2349 590 2390 Nunc
624 2349 729 2390 satis
754 2354 795 2389 et
817 2348 990 2389 nimium
1014 2348 1215 2401 princeps
1241 2353 1286 2387 tu
1309 2346 1444 2388 vincis
1466 2346 1509 2386 in
1530 2345 1673 2397 armis,

497 2420 687 2473 Belliger
718 2420 956 2461 Hectoreos
988 2419 1100 2459 inter
1132 2417 1332 2459 habende
1368 2417 1514 2459 duces,

319 2633 391 2674 Ad
412 2633 593 2674 eundem
616 2632 761 2674 dii-fam
791 2631 1089 2673 Vuladislaum
1111 2630 1164 2671 H
1164 2629 1344 2685 zmgyaric
1367 2634 1404 2671 et
1425 2628 1627 2671 Bohemz'e
1653 2629 1812 2684 Reycm

481 2703 755 2757 splendidas.
791 2704 841 2744 dc
874 2703 1037 2756 inclyta
1061 2701 1364 2755 praestantis&
1399 2700 1489 2742 eius
1522 2699 1655 2753 fama.

468 2824 606 2866 Notus
638 2824 681 2864 in
716 2823 816 2864 orbe
851 2824 956 2864 satis
990 2823 1106 2863 fama
1137 2821 1334 2875 pervenit
1369 2820 1423 2861 ad
1457 2824 1574 2861 astra

528 2895 607 2936 Hic
640 2894 855 2949 princeps,
888 2893 1050 2945 reduci,
1085 2893 1156 2945 qui
1189 2892 1283 2933 tulit
1316 2905 1434 2932 arma
1466 2891 1556 2932 Iovi
