1955 3278
355 124 423 158 322

356 278 424 313 920

355 636 422 669 925

354 995 423 1029 930

354 1353 421 1387 935

353 1711 421 1746 940

351 2069 418 2102 945

351 2426 418 2459 950

350 2782 418 2815 955

502 267 746 309 Nubentum
780 268 854 310 dat
887 275 1040 324 sponte
1074 270 1214 312 locum
1249 271 1316 312 cui
1348 278 1470 314 casta
1503 286 1663 315 corona

504 339 661 394 Sepius
694 345 822 392 atque
856 353 957 381 suas
990 340 1115 383 tedas
1154 341 1320 383 Lucina
1352 343 1563 396 probavit,

504 410 827 464 Contribuitque
861 425 989 466 pares
1023 412 1166 464 sedes,
1202 413 1274 454 ubi
1306 413 1402 455 luce
1439 427 1618 456 corusca

502 482 636 524 Heret
668 482 905 535 Tyndaridi
938 483 1136 537 genetrix
1169 484 1378 526 Alcmena
1411 485 1596 534 Lacene.

502 554 656 595 Martia
687 554 810 608 larga
843 554 951 606 sinu,
987 554 1188 607 Servilia,
1221 556 1368 597 Portia
1401 562 1444 598 et
1476 557 1607 609 Aeca,

502 625 732 667 Romuleos
764 626 973 667 Faustina
1005 626 1172 678 choros,
1208 626 1418 679 Griseida,
1452 628 1602 681 Paula,

503 696 773 751 Splendebat
804 698 965 739 maiore
997 697 1147 751 gradu,
1181 712 1280 740 nam
1313 699 1413 741 diva
1447 699 1635 741 Senatus

502 768 682 810 Inscribi
714 769 848 810 titulis
880 769 1005 811 iussit
1039 770 1274 812 communis
1308 770 1445 812 avitis.

503 842 580 882 His
613 853 742 895 super
774 840 966 882 ambibat
998 840 1192 882 dominos
1225 841 1450 883 formosior
1483 842 1621 884 almas

502 912 728 954 Helisabet
749 909 794 966 (1)
828 912 980 966 regina
1012 912 1137 965 genis
1172 919 1214 954 et
1245 913 1385 955 fronte
1420 913 1579 955 decora

502 984 615 1025 Vera
646 996 805 1038 parens
837 984 967 1037 regis,
1000 984 1156 1026 virtute
1191 984 1415 1039 superbior
1448 984 1562 1025 omni

502 1056 710 1097 Romulea
742 1068 974 1108 secumque
1006 1055 1147 1097 libens
1181 1056 1351 1098 octavia
1384 1056 1541 1105 stabat,

502 1128 581 1169 Illa
614 1126 773 1169 sedens
806 1127 942 1168 oculis
975 1132 1017 1168 et
1049 1134 1209 1168 matres
1244 1125 1288 1182 (1)
1322 1141 1397 1169 ora
1429 1128 1669 1182 premebat⁷

502 1199 556 1240 Et
588 1205 710 1240 veste
743 1204 894 1239 aurata
924 1198 1074 1250 regina
1107 1198 1294 1240 micabat
1325 1199 1367 1239 in
1399 1212 1560 1240 omnes.

502 1270 625 1311 Hanc
657 1270 768 1311 bene
792 1269 1017 1324 conspexit
1040 1270 1264 1324 speciosus
1289 1270 1332 1311 in
1355 1271 1525 1324 agmine
1559 1278 1690 1312 natus

502 1342 676 1395 Regius,
710 1341 809 1383 hinc
841 1342 950 1383 alius
984 1341 1212 1396 spectabat
1245 1341 1370 1384 dulce
1403 1350 1639 1396 parentem.

500 1415 734 1467 Postquam
768 1419 978 1466 cognatos
1010 1413 1152 1454 vultus
1183 1413 1256 1454 1116
1288 1413 1473 1467 inclytus
1506 1414 1641 1456 Ursus

500 1485 713 1540 Percepit,
748 1485 864 1538 cupit
897 1485 1087 1526 alternas
1120 1485 1292 1526 affarier
1323 1485 1511 1538 umbras,

500 1557 618 1599 Illico
653 1556 780 1599 docta
813 1569 956 1597 comes
989 1556 1202 1610 prohibet,
1233 1557 1306 1597 lux
1338 1557 1452 1598 alma
1482 1557 1671 1598 renascit

500 1630 577 1671 His
611 1628 763 1670 animis
794 1628 935 1669 invisa
967 1628 1064 1675 tuis,
1098 1628 1247 1682 procul
1278 1627 1379 1670 inde
1412 1628 1692 1681 frequentant.

500 1701 615 1743 Arva
647 1700 805 1742 decora
836 1700 950 1749 viris,
986 1713 1068 1753 que
1100 1700 1249 1741 Martis
1282 1701 1443 1742 honore
1477 1713 1682 1742 coruscos

500 1772 742 1826 Excipiunt,
776 1778 1015 1824 ornantque
1050 1771 1183 1813 duces
1218 1771 1472 1813 sublimibus
1506 1771 1656 1813 hastis.

499 1844 576 1885 His
611 1843 842 1885 Casimirus
876 1850 967 1884 erat
999 1843 1244 1898 precinctus
1278 1843 1449 1885 casside
1482 1842 1601 1884 fulva

499 1915 660 1969 Regius
692 1915 763 1956 1116
798 1920 922 1969 pater
952 1914 1175 1966 bellorum,
1210 1921 1252 1956 61
1284 1914 1494 1955 maximus
1527 1913 1635 1966 ausi,

500 1987 615 2028 Ense
650 2000 726 2028 suo
758 1987 917 2027 totiens
950 1986 1127 2027 Martem
1163 1985 1430 2027 descendere
1464 1985 1556 2034 celo

500 2058 583 2108 Qui
604 2064 785 2112 poterat,
810 2058 1022 2098 Thracem
1044 2057 1250 2110 iussuque
1273 2057 1491 2098 lacessere
1512 2055 1568 2097 ad
1592 2069 1724 2097 arma.

498 2130 602 2171 Post
635 2129 749 2171 hunc
782 2129 966 2170 Mathias
1002 2128 1209 2170 Corvinus
1241 2128 1364 2169 fortis
1399 2134 1440 2169 et
1471 2128 1626 2181 ingens

498 2200 695 2242 Vultibus
729 2208 904 2242 ornatus
937 2200 1085 2250 Latiis,
1121 2200 1396 2253 sequiturque
1428 2206 1632 2253 parentes

498 2273 760 2326 Pergameos
793 2271 948 2312 virtute
981 2277 1149 2325 potens,
1184 2276 1226 2312 et
1256 2270 1385 2311 laude
1418 2270 1610 2312 resultus.

500 2344 700 2385 Cominus
732 2343 832 2385 inde
866 2343 1013 2385 vident
1044 2342 1153 2383 tristi
1187 2355 1280 2382 611111
1313 2342 1473 2383 vertice
1507 2348 1678 2383 euntem

498 2416 730 2469 Egregium
762 2416 917 2457 virtute
950 2415 1097 2465 virum,
1131 2413 1224 2454 fera
1256 2413 1369 2455 bella
1401 2413 1609 2454 timebant

499 2486 651 2528 Castra
673 2486 837 2528 ducem.
871 2485 1087 2535 Quantum
1119 2485 1298 2526 Ausonii
1319 2484 1478 2526 flevere
1502 2484 1704 2538 triumphi

497 2558 621 2600 Hunc
641 2571 810 2611 quoque
834 2556 1052 2599 deflebant
1074 2556 1233 2610 superi,
1257 2569 1352 2597 cum
1376 2556 1561 2597 stamina
1583 2555 1719 2604 Parce

497 2630 751 2684 Implicuere
785 2629 890 2680 colo,
926 2635 968 2670 et
999 2629 1129 2669 vitam
1163 2640 1362 2681 sparsere
1396 2626 1474 2668 sub
1508 2639 1649 2667 auras.

498 2700 692 2750 Quantus
725 2701 768 2741 in
801 2713 918 2741 arma
951 2705 1083 2754 patet,
1118 2705 1276 2752 quanto
1311 2712 1358 2740 se
1391 2698 1527 2752 gloria
1560 2697 1668 2738 tollit

498 2771 665 2813 Robore
699 2771 894 2825 sydereo,
930 2771 1011 2812 sibi
1042 2770 1184 2811 ferrea
1216 2776 1394 2811 neverat
1426 2782 1579 2811 aevum

497 2844 695 2897 Atropos,
729 2843 811 2885 hoc
843 2843 1012 2884 Latium
1044 2854 1262 2894 nunquam
1295 2841 1479 2895 spoliare
1514 2838 1703 2881 Gradivo

497 2914 748 2956 Debuerant
780 2914 937 2968 superi,
970 2913 1166 2965 talesque
1197 2912 1411 2954 inmittere
1445 2918 1622 2966 questus
