<?xml version="1.0" encoding="UTF-8"?>
<!DOCTYPE html PUBLIC "-//W3C//DTD XHTML 1.0 Transitional//EN"
    "http://www.w3.org/TR/xhtml1/DTD/xhtml1-transitional.dtd">
<html xmlns="http://www.w3.org/1999/xhtml" xml:lang="en" lang="en">
 <head>
  <title>
</title>
<meta http-equiv="Content-Type" content="text/html;charset=utf-8" />
  <meta name='ocr-system' content='tesseract 3.04.00' />
  <meta name='ocr-capabilities' content='ocr_page ocr_carea ocr_par ocr_line ocrx_word'/>
</head>
<body>
  <div class='ocr_page' id='page_1' title='image "analectanovaadhi00beuoft_0186.png"; bbox 0 0 1955 3278; ppageno 0'>
   <div class='ocr_carea' id='block_1_1' title="bbox 354 143 422 176">
    <p class='ocr_par' dir='ltr' id='par_1_1' title="bbox 354 143 422 176">
     <span class='ocr_line' id='line_1_1' title="bbox 354 143 422 176; baseline -0.015 0"><span class='ocrx_word' id='word_1_1' title='bbox 354 143 422 176; x_wconf 75' lang='lat'>166</span> 
     </span>
    </p>
   </div>
   <div class='ocr_carea' id='block_1_2' title="bbox 351 286 1851 2975">
    <p class='ocr_par' dir='ltr' id='par_1_2' title="bbox 351 286 1851 2975">
     <span class='ocr_line' id='line_1_2' title="bbox 354 286 1844 341; baseline 0.002 -14"><span class='ocrx_word' id='word_1_2' title='bbox 354 287 489 336; x_wconf 79' lang='lat' dir='ltr'>Quam</span> <span class='ocrx_word' id='word_1_3' title='bbox 525 294 624 327; x_wconf 87' lang='lat' dir='ltr'>tunc</span> <span class='ocrx_word' id='word_1_4' title='bbox 658 286 818 328; x_wconf 89' lang='lat' dir='ltr'>habere</span> <span class='ocrx_word' id='word_1_5' title='bbox 864 287 1113 341; x_wconf 79' lang='lat' dir='ltr'>poterimus,</span> <span class='ocrx_word' id='word_1_6' title='bbox 1160 301 1253 328; x_wconf 80' lang='lat' dir='ltr'>cum</span> <span class='ocrx_word' id='word_1_7' title='bbox 1287 287 1327 327; x_wconf 87' lang='lat' dir='ltr'>in</span> <span class='ocrx_word' id='word_1_8' title='bbox 1363 301 1501 340; x_wconf 85' lang='lat' dir='ltr'>aqueo</span> <span class='ocrx_word' id='word_1_9' title='bbox 1535 288 1677 329; x_wconf 85' lang='lat' dir='ltr'>vultus</span> <span class='ocrx_word' id='word_1_10' title='bbox 1709 289 1844 330; x_wconf 84' lang='lat' dir='ltr'>nostri</span> 
     </span>
     <span class='ocr_line' id='line_1_3' title="bbox 353 358 1843 414; baseline 0.002 -16"><span class='ocrx_word' id='word_1_11' title='bbox 353 358 506 398; x_wconf 88' lang='lat' dir='ltr'>sudore</span> <span class='ocrx_word' id='word_1_12' title='bbox 560 371 671 411; x_wconf 87' lang='lat' dir='ltr'>pane</span> <span class='ocrx_word' id='word_1_13' title='bbox 724 371 966 409; x_wconf 79' lang='lat' dir='ltr'>vescemur,</span> <span class='ocrx_word' id='word_1_14' title='bbox 1031 365 1073 399; x_wconf 91' lang='lat' dir='ltr'>et</span> <span class='ocrx_word' id='word_1_15' title='bbox 1128 359 1274 399; x_wconf 81' lang='lat' dir='ltr'>labore</span> <span class='ocrx_word' id='word_1_16' title='bbox 1334 359 1624 411; x_wconf 87' lang='lat' dir='ltr'>poenitentiae</span> <span class='ocrx_word' id='word_1_17' title='bbox 1688 373 1843 414; x_wconf 88' lang='lat' dir='ltr'>corpus</span> 
     </span>
     <span class='ocr_line' id='line_1_4' title="bbox 352 429 1845 482; baseline 0.002 -13"><span class='ocrx_word' id='word_1_18' title='bbox 352 435 541 470; x_wconf 86' lang='lat' dir='ltr'>nostrum</span> <span class='ocrx_word' id='word_1_19' title='bbox 591 429 910 482; x_wconf 87' lang='lat' dir='ltr'>castigabimus.</span> <span class='ocrx_word' id='word_1_20' title='bbox 968 430 1085 472; x_wconf 78' lang='lat' dir='ltr'>Sicut</span> <span class='ocrx_word' id='word_1_21' title='bbox 1139 430 1333 470; x_wconf 61' lang='lat' dir='ltr'>Christus</span> <span class='ocrx_word' id='word_1_22' title='bbox 1379 443 1534 482; x_wconf 82' lang='lat' dir='ltr'>aquam</span> <span class='ocrx_word' id='word_1_23' title='bbox 1585 430 1753 472; x_wconf 88' lang='lat' dir='ltr'>sudoris</span> <span class='ocrx_word' id='word_1_24' title='bbox 1800 431 1845 472; x_wconf 90' lang='lat' dir='ltr'>in</span> 
     </span>
     <span class='ocr_line' id='line_1_5' title="bbox 351 501 1842 555; baseline 0.001 -14"><span class='ocrx_word' id='word_1_25' title='bbox 351 508 439 541; x_wconf 88' lang='lat' dir='ltr'>toto</span> <span class='ocrx_word' id='word_1_26' title='bbox 488 514 665 554; x_wconf 90' lang='lat' dir='ltr'>corpore</span> <span class='ocrx_word' id='word_1_27' title='bbox 711 506 955 542; x_wconf 78' lang='lat' dir='ltr'>manantem</span> <span class='ocrx_word' id='word_1_28' title='bbox 1001 501 1163 549; x_wconf 81' lang='lat' dir='ltr'>habuit,</span> <span class='ocrx_word' id='word_1_29' title='bbox 1211 515 1302 542; x_wconf 90' lang='lat' dir='ltr'>cum</span> <span class='ocrx_word' id='word_1_30' title='bbox 1350 514 1425 554; x_wconf 91' lang='lat' dir='ltr'>pro</span> <span class='ocrx_word' id='word_1_31' title='bbox 1474 501 1597 543; x_wconf 90' lang='lat' dir='ltr'>nobis</span> <span class='ocrx_word' id='word_1_32' title='bbox 1642 502 1733 555; x_wconf 88' lang='lat' dir='ltr'>pati</span> <span class='ocrx_word' id='word_1_33' title='bbox 1771 502 1842 543; x_wconf 89' lang='lat' dir='ltr'>de-</span> 
     </span>
     <span class='ocr_line' id='line_1_6' title="bbox 351 571 1843 623; baseline 0.001 -11"><span class='ocrx_word' id='word_1_34' title='bbox 351 571 484 613; x_wconf 85' lang='lat' dir='ltr'>beret.</span> <span class='ocrx_word' id='word_1_35' title='bbox 532 572 677 613; x_wconf 88' lang='lat' dir='ltr'>Tertia</span> <span class='ocrx_word' id='word_1_36' title='bbox 722 585 822 613; x_wconf 92' lang='lat' dir='ltr'>vero</span> <span class='ocrx_word' id='word_1_37' title='bbox 867 572 941 613; x_wconf 90' lang='lat' dir='ltr'>illa</span> <span class='ocrx_word' id='word_1_38' title='bbox 986 579 1064 623; x_wconf 80' lang='lat' dir='ltr'>est,</span> <span class='ocrx_word' id='word_1_39' title='bbox 1111 573 1325 613; x_wconf 82' lang='lat' dir='ltr'>sitientem</span> <span class='ocrx_word' id='word_1_40' title='bbox 1365 573 1548 613; x_wconf 87' lang='lat' dir='ltr'>animam</span> <span class='ocrx_word' id='word_1_41' title='bbox 1589 585 1672 614; x_wconf 90' lang='lat' dir='ltr'>non</span> <span class='ocrx_word' id='word_1_42' title='bbox 1706 573 1843 615; x_wconf 82' lang='lat' dir='ltr'>solum</span> 
     </span>
     <span class='ocr_line' id='line_1_7' title="bbox 352 642 1847 698; baseline 0.001 -15"><span class='ocrx_word' id='word_1_43' title='bbox 352 648 521 695; x_wconf 87' lang='lat' dir='ltr'>potans,</span> <span class='ocrx_word' id='word_1_44' title='bbox 569 642 645 683; x_wconf 91' lang='lat' dir='ltr'>sed</span> <span class='ocrx_word' id='word_1_45' title='bbox 679 649 720 683; x_wconf 90' lang='lat' dir='ltr'>et</span> <span class='ocrx_word' id='word_1_46' title='bbox 753 643 917 691; x_wconf 83' lang='lat' dir='ltr'>lavans,</span> <span class='ocrx_word' id='word_1_47' title='bbox 964 643 1017 684; x_wconf 90' lang='lat' dir='ltr'>de</span> <span class='ocrx_word' id='word_1_48' title='bbox 1052 656 1136 696; x_wconf 89' lang='lat' dir='ltr'>qua</span> <span class='ocrx_word' id='word_1_49' title='bbox 1168 643 1239 684; x_wconf 91' lang='lat' dir='ltr'>ille</span> <span class='ocrx_word' id='word_1_50' title='bbox 1279 644 1569 684; x_wconf 90' lang='lat' dir='ltr'>testimonium</span> <span class='ocrx_word' id='word_1_51' title='bbox 1615 644 1847 698; x_wconf 79' lang='lat' dir='ltr'>perhibuit,</span> 
     </span>
     <span class='ocr_line' id='line_1_8' title="bbox 354 713 1847 768; baseline 0.003 -15"><span class='ocrx_word' id='word_1_52' title='bbox 354 713 424 765; x_wconf 88' lang='lat' dir='ltr'>qui</span> <span class='ocrx_word' id='word_1_53' title='bbox 456 713 562 754; x_wconf 87' lang='lat' dir='ltr'>vidit</span> <span class='ocrx_word' id='word_1_54' title='bbox 608 713 720 766; x_wconf 89' lang='lat' dir='ltr'>quod</span> <span class='ocrx_word' id='word_1_55' title='bbox 767 721 914 768; x_wconf 86' lang='lat' dir='ltr'>aperto</span> <span class='ocrx_word' id='word_1_56' title='bbox 959 715 1108 758; x_wconf 74' lang='lat' dir='ltr'>latere,</span> <span class='ocrx_word' id='word_1_57' title='bbox 1155 714 1312 755; x_wconf 91' lang='lat' dir='ltr'>domini</span> <span class='ocrx_word' id='word_1_58' title='bbox 1358 714 1608 756; x_wconf 90' lang='lat' dir='ltr'>dormientis</span> <span class='ocrx_word' id='word_1_59' title='bbox 1640 715 1684 755; x_wconf 93' lang='lat' dir='ltr'>in</span> <span class='ocrx_word' id='word_1_60' title='bbox 1718 728 1847 758; x_wconf 87' lang='lat' dir='ltr'>cruce</span> 
     </span>
     <span class='ocr_line' id='line_1_9' title="bbox 354 784 1846 839; baseline 0.001 -14"><span class='ocrx_word' id='word_1_61' title='bbox 354 785 505 825; x_wconf 73' lang='lat' dir='ltr'>exierit</span> <span class='ocrx_word' id='word_1_62' title='bbox 538 791 580 825; x_wconf 91' lang='lat' dir='ltr'>et</span> <span class='ocrx_word' id='word_1_63' title='bbox 613 785 790 838; x_wconf 89' lang='lat' dir='ltr'>sanguis</span> <span class='ocrx_word' id='word_1_64' title='bbox 815 793 856 825; x_wconf 89' lang='lat' dir='ltr'>et</span> <span class='ocrx_word' id='word_1_65' title='bbox 879 799 1003 838; x_wconf 89' lang='lat' dir='ltr'>aqua.</span> <span class='ocrx_word' id='word_1_66' title='bbox 1041 784 1121 834; x_wconf 77' lang='lat' dir='ltr'>Qui</span> <span class='ocrx_word' id='word_1_67' title='bbox 1145 786 1180 826; x_wconf 90' lang='lat' dir='ltr'>si</span> <span class='ocrx_word' id='word_1_68' title='bbox 1202 785 1410 839; x_wconf 87' lang='lat' dir='ltr'>proficere</span> <span class='ocrx_word' id='word_1_69' title='bbox 1445 786 1679 839; x_wconf 89' lang='lat' dir='ltr'>poterimus</span> <span class='ocrx_word' id='word_1_70' title='bbox 1708 799 1846 838; x_wconf 88' lang='lat' dir='ltr'>usque</span> 
     </span>
     <span class='ocr_line' id='line_1_10' title="bbox 353 855 1847 910; baseline 0.001 -14"><span class='ocrx_word' id='word_1_71' title='bbox 353 855 408 897; x_wconf 86' lang='lat' dir='ltr'>ad</span> <span class='ocrx_word' id='word_1_72' title='bbox 454 855 694 897; x_wconf 87' lang='lat' dir='ltr'>devotionis</span> <span class='ocrx_word' id='word_1_73' title='bbox 740 857 935 908; x_wconf 70' lang='lat' dir='ltr'>gratiam,</span> <span class='ocrx_word' id='word_1_74' title='bbox 983 864 1083 897; x_wconf 87' lang='lat' dir='ltr'>tunc</span> <span class='ocrx_word' id='word_1_75' title='bbox 1127 856 1299 897; x_wconf 90' lang='lat' dir='ltr'>nimium</span> <span class='ocrx_word' id='word_1_76' title='bbox 1345 857 1587 910; x_wconf 83' lang='lat' dir='ltr'>potabimur</span> <span class='ocrx_word' id='word_1_77' title='bbox 1629 870 1741 910; x_wconf 89' lang='lat' dir='ltr'>aqua</span> <span class='ocrx_word' id='word_1_78' title='bbox 1772 857 1847 898; x_wconf 89' lang='lat' dir='ltr'>illa</span> 
     </span>
     <span class='ocr_line' id='line_1_11' title="bbox 356 927 1844 981; baseline 0.001 -14"><span class='ocrx_word' id='word_1_79' title='bbox 356 927 594 980; x_wconf 82' lang='lat' dir='ltr'>sapientiae</span> <span class='ocrx_word' id='word_1_80' title='bbox 641 927 854 975; x_wconf 87' lang='lat' dir='ltr'>salutaris,</span> <span class='ocrx_word' id='word_1_81' title='bbox 902 940 1031 981; x_wconf 88' lang='lat' dir='ltr'>super</span> <span class='ocrx_word' id='word_1_82' title='bbox 1075 928 1157 968; x_wconf 89' lang='lat' dir='ltr'>mel</span> <span class='ocrx_word' id='word_1_83' title='bbox 1205 927 1340 968; x_wconf 87' lang='lat' dir='ltr'>dulcis</span> <span class='ocrx_word' id='word_1_84' title='bbox 1386 934 1452 968; x_wconf 89' lang='lat' dir='ltr'>est</span> <span class='ocrx_word' id='word_1_85' title='bbox 1484 928 1650 969; x_wconf 91' lang='lat' dir='ltr'>habens</span> <span class='ocrx_word' id='word_1_86' title='bbox 1682 927 1844 969; x_wconf 86' lang='lat' dir='ltr'>fontem</span> 
     </span>
     <span class='ocr_line' id='line_1_12' title="bbox 357 998 1848 1052; baseline 0.001 -14"><span class='ocrx_word' id='word_1_87' title='bbox 357 1005 609 1052; x_wconf 86' lang='lat' dir='ltr'>perpetuum</span> <span class='ocrx_word' id='word_1_88' title='bbox 645 998 942 1040; x_wconf 80' lang='lat' dir='ltr'>decurrentem</span> <span class='ocrx_word' id='word_1_89' title='bbox 976 1012 1114 1051; x_wconf 89' lang='lat' dir='ltr'>aquae</span> <span class='ocrx_word' id='word_1_90' title='bbox 1149 999 1342 1040; x_wconf 88' lang='lat' dir='ltr'>salientis</span> <span class='ocrx_word' id='word_1_91' title='bbox 1375 999 1417 1039; x_wconf 92' lang='lat' dir='ltr'>in</span> <span class='ocrx_word' id='word_1_92' title='bbox 1447 999 1576 1040; x_wconf 85' lang='lat' dir='ltr'>vitam</span> <span class='ocrx_word' id='word_1_93' title='bbox 1610 1006 1848 1040; x_wconf 83' lang='lat' dir='ltr'>aeternam-</span> 
     </span>
     <span class='ocr_line' id='line_1_13' title="bbox 353 1069 1847 1124; baseline 0.001 -15"><span class='ocrx_word' id='word_1_94' title='bbox 353 1069 483 1110; x_wconf 89' lang='lat' dir='ltr'>Plura</span> <span class='ocrx_word' id='word_1_95' title='bbox 533 1069 675 1110; x_wconf 90' lang='lat' dir='ltr'>adhuc</span> <span class='ocrx_word' id='word_1_96' title='bbox 720 1076 762 1110; x_wconf 92' lang='lat' dir='ltr'>et</span> <span class='ocrx_word' id='word_1_97' title='bbox 806 1069 972 1110; x_wconf 89' lang='lat' dir='ltr'>infinita</span> <span class='ocrx_word' id='word_1_98' title='bbox 1013 1077 1110 1111; x_wconf 88' lang='lat' dir='ltr'>sunt</span> <span class='ocrx_word' id='word_1_99' title='bbox 1156 1070 1309 1111; x_wconf 84' lang='lat' dir='ltr'>similia</span> <span class='ocrx_word' id='word_1_100' title='bbox 1354 1070 1406 1111; x_wconf 87' lang='lat' dir='ltr'>de</span> <span class='ocrx_word' id='word_1_101' title='bbox 1453 1084 1591 1123; x_wconf 83' lang='lat' dir='ltr'>aquae</span> <span class='ocrx_word' id='word_1_102' title='bbox 1631 1071 1847 1124; x_wconf 81' lang='lat' dir='ltr'>mysteriis</span> 
     </span>
     <span class='ocr_line' id='line_1_14' title="bbox 355 1141 1845 1194; baseline 0.001 -13"><span class='ocrx_word' id='word_1_103' title='bbox 355 1141 388 1181; x_wconf 89' lang='lat' dir='ltr'>si</span> <span class='ocrx_word' id='word_1_104' title='bbox 432 1147 548 1181; x_wconf 84' lang='lat' dir='ltr'>recte</span> <span class='ocrx_word' id='word_1_105' title='bbox 582 1141 961 1194; x_wconf 83' lang='lat' dir='ltr'>perpenderentur,</span> <span class='ocrx_word' id='word_1_106' title='bbox 1008 1147 1122 1182; x_wconf 88' lang='lat' dir='ltr'>certe</span> <span class='ocrx_word' id='word_1_107' title='bbox 1156 1155 1241 1182; x_wconf 93' lang='lat' dir='ltr'>non</span> <span class='ocrx_word' id='word_1_108' title='bbox 1287 1141 1421 1182; x_wconf 90' lang='lat' dir='ltr'>solum</span> <span class='ocrx_word' id='word_1_109' title='bbox 1465 1154 1577 1194; x_wconf 87' lang='lat' dir='ltr'>aqua</span> <span class='ocrx_word' id='word_1_110' title='bbox 1618 1154 1703 1182; x_wconf 91' lang='lat' dir='ltr'>non</span> <span class='ocrx_word' id='word_1_111' title='bbox 1735 1142 1845 1183; x_wconf 84' lang='lat' dir='ltr'>vitu-</span> 
     </span>
     <span class='ocr_line' id='line_1_15' title="bbox 355 1211 1847 1266; baseline 0.001 -13"><span class='ocrx_word' id='word_1_112' title='bbox 355 1212 486 1266; x_wconf 87' lang='lat' dir='ltr'>periis</span> <span class='ocrx_word' id='word_1_113' title='bbox 520 1211 777 1263; x_wconf 74' lang='lat' dir='ltr'>afficeretur,</span> <span class='ocrx_word' id='word_1_114' title='bbox 825 1212 902 1253; x_wconf 91' lang='lat' dir='ltr'>sed</span> <span class='ocrx_word' id='word_1_115' title='bbox 936 1212 1048 1253; x_wconf 89' lang='lat' dir='ltr'>omni</span> <span class='ocrx_word' id='word_1_116' title='bbox 1093 1212 1245 1265; x_wconf 85' lang='lat' dir='ltr'>liquori</span> <span class='ocrx_word' id='word_1_117' title='bbox 1282 1219 1366 1253; x_wconf 88' lang='lat' dir='ltr'>tam</span> <span class='ocrx_word' id='word_1_118' title='bbox 1401 1212 1487 1253; x_wconf 88' lang='lat' dir='ltr'>vini</span> <span class='ocrx_word' id='word_1_119' title='bbox 1520 1226 1646 1265; x_wconf 82' lang='lat' dir='ltr'>quam</span> <span class='ocrx_word' id='word_1_120' title='bbox 1692 1213 1847 1254; x_wconf 87' lang='lat' dir='ltr'>ceteris</span> 
     </span>
     <span class='ocr_line' id='line_1_16' title="bbox 356 1281 1847 1337; baseline 0.001 -14"><span class='ocrx_word' id='word_1_121' title='bbox 356 1283 550 1337; x_wconf 89' lang='lat' dir='ltr'>praelata</span> <span class='ocrx_word' id='word_1_122' title='bbox 584 1283 737 1324; x_wconf 83' lang='lat' dir='ltr'>divinis</span> <span class='ocrx_word' id='word_1_123' title='bbox 762 1284 907 1324; x_wconf 77' lang='lat' dir='ltr'>extolli</span> <span class='ocrx_word' id='word_1_124' title='bbox 931 1283 1109 1324; x_wconf 89' lang='lat' dir='ltr'>deberet</span> <span class='ocrx_word' id='word_1_125' title='bbox 1131 1283 1343 1324; x_wconf 84' lang='lat' dir='ltr'>laudibus.</span> <span class='ocrx_word' id='word_1_126' title='bbox 1378 1283 1507 1324; x_wconf 83' lang='lat' dir='ltr'>Cuius</span> <span class='ocrx_word' id='word_1_127' title='bbox 1530 1297 1610 1325; x_wconf 89' lang='lat' dir='ltr'>usu</span> <span class='ocrx_word' id='word_1_128' title='bbox 1631 1281 1706 1337; x_wconf 92' lang='lat' dir='ltr'>(dii</span> <span class='ocrx_word' id='word_1_129' title='bbox 1729 1284 1847 1334; x_wconf 90' lang='lat' dir='ltr'>boni)</span> 
     </span>
     <span class='ocr_line' id='line_1_17' title="bbox 355 1355 1847 1408; baseline 0.001 -14"><span class='ocrx_word' id='word_1_130' title='bbox 355 1361 585 1407; x_wconf 87' lang='lat' dir='ltr'>antequam</span> <span class='ocrx_word' id='word_1_131' title='bbox 631 1355 773 1395; x_wconf 91' lang='lat' dir='ltr'>vinum</span> <span class='ocrx_word' id='word_1_132' title='bbox 807 1362 1057 1395; x_wconf 89' lang='lat' dir='ltr'>nasceretur</span> <span class='ocrx_word' id='word_1_133' title='bbox 1091 1362 1131 1395; x_wconf 89' lang='lat' dir='ltr'>et</span> <span class='ocrx_word' id='word_1_134' title='bbox 1164 1361 1274 1408; x_wconf 83' lang='lat' dir='ltr'>post,</span> <span class='ocrx_word' id='word_1_135' title='bbox 1316 1362 1416 1407; x_wconf 89' lang='lat' dir='ltr'>quot</span> <span class='ocrx_word' id='word_1_136' title='bbox 1455 1355 1593 1396; x_wconf 90' lang='lat' dir='ltr'>sancti</span> <span class='ocrx_word' id='word_1_137' title='bbox 1624 1362 1771 1408; x_wconf 84' lang='lat' dir='ltr'>patres</span> <span class='ocrx_word' id='word_1_138' title='bbox 1803 1355 1847 1396; x_wconf 91' lang='lat' dir='ltr'>in</span> 
     </span>
     <span class='ocr_line' id='line_1_18' title="bbox 358 1425 1849 1475; baseline 0.001 -9"><span class='ocrx_word' id='word_1_139' title='bbox 358 1425 659 1467; x_wconf 88' lang='lat' dir='ltr'>solitudinibus</span> <span class='ocrx_word' id='word_1_140' title='bbox 692 1426 887 1467; x_wconf 87' lang='lat' dir='ltr'>viventes</span> <span class='ocrx_word' id='word_1_141' title='bbox 912 1427 1075 1467; x_wconf 89' lang='lat' dir='ltr'>coelum</span> <span class='ocrx_word' id='word_1_142' title='bbox 1099 1432 1344 1467; x_wconf 88' lang='lat' dir='ltr'>meruerunt</span> <span class='ocrx_word' id='word_1_143' title='bbox 1358 1425 1379 1465; x_wconf 73' lang='lat'>‘.&#39;</span> <span class='ocrx_word' id='word_1_144' title='bbox 1414 1425 1526 1475; x_wconf 80' lang='lat' dir='ltr'>Quot</span> <span class='ocrx_word' id='word_1_145' title='bbox 1554 1425 1695 1468; x_wconf 89' lang='lat' dir='ltr'>adhuc</span> <span class='ocrx_word' id='word_1_146' title='bbox 1718 1426 1849 1467; x_wconf 91' lang='lat' dir='ltr'>hodie</span> 
     </span>
     <span class='ocr_line' id='line_1_19' title="bbox 361 1496 1846 1551; baseline 0 -13"><span class='ocrx_word' id='word_1_147' title='bbox 361 1497 584 1538; x_wconf 88' lang='lat' dir='ltr'>commoda</span> <span class='ocrx_word' id='word_1_148' title='bbox 608 1497 849 1538; x_wconf 88' lang='lat' dir='ltr'>hominibus</span> <span class='ocrx_word' id='word_1_149' title='bbox 874 1511 986 1550; x_wconf 85' lang='lat' dir='ltr'>aqua</span> <span class='ocrx_word' id='word_1_150' title='bbox 1008 1496 1252 1551; x_wconf 72' lang='lat' dir='ltr'>praebeat?</span> <span class='ocrx_word' id='word_1_151' title='bbox 1285 1497 1425 1539; x_wconf 85' lang='lat' dir='ltr'>varios</span> <span class='ocrx_word' id='word_1_152' title='bbox 1459 1497 1579 1539; x_wconf 90' lang='lat' dir='ltr'>cibos</span> <span class='ocrx_word' id='word_1_153' title='bbox 1603 1503 1645 1538; x_wconf 91' lang='lat' dir='ltr'>et</span> <span class='ocrx_word' id='word_1_154' title='bbox 1665 1498 1846 1551; x_wconf 84' lang='lat' dir='ltr'>piscium</span> 
     </span>
     <span class='ocr_line' id='line_1_20' title="bbox 359 1568 1848 1622; baseline 0.001 -14"><span class='ocrx_word' id='word_1_155' title='bbox 359 1581 409 1609; x_wconf 86' lang='lat' dir='ltr'>ac</span> <span class='ocrx_word' id='word_1_156' title='bbox 458 1576 722 1609; x_wconf 84' lang='lat' dir='ltr'>caeterarum</span> <span class='ocrx_word' id='word_1_157' title='bbox 771 1582 909 1609; x_wconf 89' lang='lat' dir='ltr'>rerum</span> <span class='ocrx_word' id='word_1_158' title='bbox 959 1569 1215 1622; x_wconf 89' lang='lat' dir='ltr'>multiplices</span> <span class='ocrx_word' id='word_1_159' title='bbox 1263 1582 1366 1609; x_wconf 87' lang='lat' dir='ltr'>usus</span> <span class='ocrx_word' id='word_1_160' title='bbox 1414 1568 1538 1610; x_wconf 91' lang='lat' dir='ltr'>nobis</span> <span class='ocrx_word' id='word_1_161' title='bbox 1587 1568 1848 1620; x_wconf 78' lang='lat' dir='ltr'>exhibendo,</span> 
     </span>
     <span class='ocr_line' id='line_1_21' title="bbox 356 1639 1849 1694; baseline 0.002 -15"><span class='ocrx_word' id='word_1_162' title='bbox 356 1639 569 1681; x_wconf 87' lang='lat' dir='ltr'>frumento</span> <span class='ocrx_word' id='word_1_163' title='bbox 604 1640 815 1691; x_wconf 76' lang='lat' dir='ltr'>molendo,</span> <span class='ocrx_word' id='word_1_164' title='bbox 849 1641 1103 1693; x_wconf 80' lang='lat' dir='ltr'>margaritas</span> <span class='ocrx_word' id='word_1_165' title='bbox 1136 1639 1305 1694; x_wconf 88' lang='lat' dir='ltr'>lapides</span> <span class='ocrx_word' id='word_1_166' title='bbox 1332 1640 1580 1693; x_wconf 87' lang='lat' dir='ltr'>praeciosos</span> <span class='ocrx_word' id='word_1_167' title='bbox 1604 1646 1645 1681; x_wconf 86' lang='lat' dir='ltr'>et</span> <span class='ocrx_word' id='word_1_168' title='bbox 1666 1640 1849 1682; x_wconf 85' lang='lat' dir='ltr'>uniones</span> 
     </span>
     <span class='ocr_line' id='line_1_22' title="bbox 359 1710 1850 1765; baseline 0.001 -15"><span class='ocrx_word' id='word_1_169' title='bbox 359 1711 589 1763; x_wconf 84' lang='lat' dir='ltr'>egerendo,</span> <span class='ocrx_word' id='word_1_170' title='bbox 614 1725 762 1752; x_wconf 89' lang='lat' dir='ltr'>aurum</span> <span class='ocrx_word' id='word_1_171' title='bbox 785 1711 1064 1752; x_wconf 88' lang='lat' dir='ltr'>monstrando</span> <span class='ocrx_word' id='word_1_172' title='bbox 1089 1719 1130 1752; x_wconf 81' lang='lat' dir='ltr'>et</span> <span class='ocrx_word' id='word_1_173' title='bbox 1154 1710 1391 1765; x_wconf 87' lang='lat' dir='ltr'>purgando,</span> <span class='ocrx_word' id='word_1_174' title='bbox 1416 1711 1588 1764; x_wconf 87' lang='lat' dir='ltr'>navigia</span> <span class='ocrx_word' id='word_1_175' title='bbox 1612 1710 1668 1752; x_wconf 88' lang='lat' dir='ltr'>ad</span> <span class='ocrx_word' id='word_1_176' title='bbox 1690 1711 1850 1753; x_wconf 88' lang='lat' dir='ltr'>multas</span> 
     </span>
     <span class='ocr_line' id='line_1_23' title="bbox 357 1781 1848 1836; baseline 0.001 -15"><span class='ocrx_word' id='word_1_177' title='bbox 357 1781 573 1823; x_wconf 90' lang='lat' dir='ltr'>hominum</span> <span class='ocrx_word' id='word_1_178' title='bbox 606 1783 892 1824; x_wconf 86' lang='lat' dir='ltr'>necessitates</span> <span class='ocrx_word' id='word_1_179' title='bbox 925 1789 1027 1836; x_wconf 88' lang='lat' dir='ltr'>apta</span> <span class='ocrx_word' id='word_1_180' title='bbox 1050 1782 1315 1833; x_wconf 87' lang='lat' dir='ltr'>sustinendo,</span> <span class='ocrx_word' id='word_1_181' title='bbox 1339 1782 1382 1823; x_wconf 91' lang='lat' dir='ltr'>id</span> <span class='ocrx_word' id='word_1_182' title='bbox 1407 1795 1539 1836; x_wconf 88' lang='lat' dir='ltr'>saepe</span> <span class='ocrx_word' id='word_1_183' title='bbox 1561 1782 1848 1836; x_wconf 72' lang='lat' dir='ltr'>expediendo⁷</span> 
     </span>
     <span class='ocr_line' id='line_1_24' title="bbox 360 1853 1849 1907; baseline 0.001 -15"><span class='ocrx_word' id='word_1_184' title='bbox 360 1853 473 1904; x_wconf 89' lang='lat' dir='ltr'>quod</span> <span class='ocrx_word' id='word_1_185' title='bbox 518 1866 734 1906; x_wconf 85' lang='lat' dir='ltr'>nunquam</span> <span class='ocrx_word' id='word_1_186' title='bbox 780 1855 847 1895; x_wconf 92' lang='lat' dir='ltr'>vel</span> <span class='ocrx_word' id='word_1_187' title='bbox 889 1853 1065 1907; x_wconf 88' lang='lat' dir='ltr'>ingenia</span> <span class='ocrx_word' id='word_1_188' title='bbox 1108 1854 1176 1895; x_wconf 82' lang='lat' dir='ltr'>vel</span> <span class='ocrx_word' id='word_1_189' title='bbox 1221 1853 1436 1894; x_wconf 88' lang='lat' dir='ltr'>humanae</span> <span class='ocrx_word' id='word_1_190' title='bbox 1481 1853 1594 1894; x_wconf 89' lang='lat' dir='ltr'>vires</span> <span class='ocrx_word' id='word_1_191' title='bbox 1643 1853 1849 1907; x_wconf 78' lang='lat' dir='ltr'>expedire</span> 
     </span>
     <span class='ocr_line' id='line_1_25' title="bbox 358 1924 1847 1979; baseline 0.001 -15"><span class='ocrx_word' id='word_1_192' title='bbox 358 1924 552 1974; x_wconf 89' lang='lat' dir='ltr'>valeant;</span> <span class='ocrx_word' id='word_1_193' title='bbox 601 1925 855 1966; x_wconf 84' lang='lat' dir='ltr'>munitiones</span> <span class='ocrx_word' id='word_1_194' title='bbox 891 1931 933 1966; x_wconf 87' lang='lat' dir='ltr'>et</span> <span class='ocrx_word' id='word_1_195' title='bbox 964 1925 1288 1979; x_wconf 81' lang='lat' dir='ltr'>propagnacula</span> <span class='ocrx_word' id='word_1_196' title='bbox 1327 1925 1450 1966; x_wconf 88' lang='lat' dir='ltr'>nobis</span> <span class='ocrx_word' id='word_1_197' title='bbox 1483 1924 1757 1978; x_wconf 80' lang='lat' dir='ltr'>praebend03</span> <span class='ocrx_word' id='word_1_198' title='bbox 1805 1932 1847 1966; x_wconf 89' lang='lat' dir='ltr'>et</span> 
     </span>
     <span class='ocr_line' id='line_1_26' title="bbox 359 1995 1849 2038; baseline 0.002 -3"><span class='ocrx_word' id='word_1_199' title='bbox 359 1996 412 2036; x_wconf 86' lang='lat' dir='ltr'>ab</span> <span class='ocrx_word' id='word_1_200' title='bbox 447 1995 591 2036; x_wconf 89' lang='lat' dir='ltr'>hostili</span> <span class='ocrx_word' id='word_1_201' title='bbox 623 2009 674 2037; x_wconf 87' lang='lat' dir='ltr'>ac</span> <span class='ocrx_word' id='word_1_202' title='bbox 706 1996 971 2037; x_wconf 90' lang='lat' dir='ltr'>inimicorum</span> <span class='ocrx_word' id='word_1_203' title='bbox 1004 1997 1227 2037; x_wconf 87' lang='lat' dir='ltr'>invasione</span> <span class='ocrx_word' id='word_1_204' title='bbox 1260 2009 1339 2037; x_wconf 90' lang='lat' dir='ltr'>nos</span> <span class='ocrx_word' id='word_1_205' title='bbox 1372 2003 1487 2037; x_wconf 89' lang='lat' dir='ltr'>tutos</span> <span class='ocrx_word' id='word_1_206' title='bbox 1520 1995 1754 2038; x_wconf 88' lang='lat' dir='ltr'>reddendo.</span> <span class='ocrx_word' id='word_1_207' title='bbox 1794 1996 1849 2038; x_wconf 82' lang='lat' dir='ltr'>Et</span> 
     </span>
     <span class='ocr_line' id='line_1_27' title="bbox 359 2067 1847 2120; baseline 0.001 -13"><span class='ocrx_word' id='word_1_208' title='bbox 359 2079 412 2107; x_wconf 90' lang='lat' dir='ltr'>ne</span> <span class='ocrx_word' id='word_1_209' title='bbox 447 2067 604 2107; x_wconf 89' lang='lat' dir='ltr'>diutius</span> <span class='ocrx_word' id='word_1_210' title='bbox 639 2067 830 2120; x_wconf 87' lang='lat' dir='ltr'>divager,</span> <span class='ocrx_word' id='word_1_211' title='bbox 865 2081 1006 2108; x_wconf 90' lang='lat' dir='ltr'>nonne</span> <span class='ocrx_word' id='word_1_212' title='bbox 1040 2067 1209 2109; x_wconf 87' lang='lat' dir='ltr'>videtur</span> <span class='ocrx_word' id='word_1_213' title='bbox 1241 2074 1283 2108; x_wconf 90' lang='lat' dir='ltr'>et</span> <span class='ocrx_word' id='word_1_214' title='bbox 1314 2067 1408 2117; x_wconf 91' lang='lat' dir='ltr'>hoc,</span> <span class='ocrx_word' id='word_1_215' title='bbox 1443 2074 1488 2107; x_wconf 89' lang='lat' dir='ltr'>ut</span> <span class='ocrx_word' id='word_1_216' title='bbox 1520 2080 1622 2108; x_wconf 77' lang='lat' dir='ltr'>vera</span> <span class='ocrx_word' id='word_1_217' title='bbox 1656 2073 1699 2108; x_wconf 91' lang='lat' dir='ltr'>et</span> <span class='ocrx_word' id='word_1_218' title='bbox 1731 2067 1847 2108; x_wconf 88' lang='lat' dir='ltr'>dica-</span> 
     </span>
     <span class='ocr_line' id='line_1_28' title="bbox 359 2138 1848 2192; baseline -0.001 -13"><span class='ocrx_word' id='word_1_219' title='bbox 359 2151 452 2179; x_wconf 87' lang='lat' dir='ltr'>mus</span> <span class='ocrx_word' id='word_1_220' title='bbox 498 2145 540 2179; x_wconf 91' lang='lat' dir='ltr'>et</span> <span class='ocrx_word' id='word_1_221' title='bbox 574 2139 822 2189; x_wconf 82' lang='lat' dir='ltr'>sentiamus,</span> <span class='ocrx_word' id='word_1_222' title='bbox 869 2139 1009 2192; x_wconf 89' lang='lat' dir='ltr'>potius</span> <span class='ocrx_word' id='word_1_223' title='bbox 1041 2138 1183 2189; x_wconf 84' lang='lat' dir='ltr'>laude,</span> <span class='ocrx_word' id='word_1_224' title='bbox 1230 2152 1357 2191; x_wconf 89' lang='lat' dir='ltr'>quam</span> <span class='ocrx_word' id='word_1_225' title='bbox 1402 2138 1612 2192; x_wconf 88' lang='lat' dir='ltr'>vituperio</span> <span class='ocrx_word' id='word_1_226' title='bbox 1658 2138 1848 2192; x_wconf 84' lang='lat' dir='ltr'>dignum,</span> 
     </span>
     <span class='ocr_line' id='line_1_29' title="bbox 359 2209 1848 2264; baseline -0.001 -13"><span class='ocrx_word' id='word_1_227' title='bbox 359 2210 473 2262; x_wconf 84' lang='lat' dir='ltr'>quod</span> <span class='ocrx_word' id='word_1_228' title='bbox 519 2209 627 2251; x_wconf 89' lang='lat' dir='ltr'>haec</span> <span class='ocrx_word' id='word_1_229' title='bbox 670 2210 765 2264; x_wconf 89' lang='lat' dir='ltr'>ipsa</span> <span class='ocrx_word' id='word_1_230' title='bbox 799 2216 945 2251; x_wconf 89' lang='lat' dir='ltr'>nostra</span> <span class='ocrx_word' id='word_1_231' title='bbox 989 2210 1127 2263; x_wconf 89' lang='lat' dir='ltr'>patria</span> <span class='ocrx_word' id='word_1_232' title='bbox 1169 2217 1210 2250; x_wconf 91' lang='lat' dir='ltr'>et</span> <span class='ocrx_word' id='word_1_233' title='bbox 1242 2222 1400 2262; x_wconf 85' lang='lat' dir='ltr'>magna</span> <span class='ocrx_word' id='word_1_234' title='bbox 1445 2209 1735 2250; x_wconf 86' lang='lat' dir='ltr'>chriastianae</span> <span class='ocrx_word' id='word_1_235' title='bbox 1768 2209 1848 2250; x_wconf 90' lang='lat' dir='ltr'>rei-</span> 
     </span>
     <span class='ocr_line' id='line_1_30' title="bbox 360 2280 1850 2335; baseline -0.001 -14"><span class='ocrx_word' id='word_1_236' title='bbox 360 2281 557 2335; x_wconf 86' lang='lat' dir='ltr'>publicae</span> <span class='ocrx_word' id='word_1_237' title='bbox 592 2294 691 2335; x_wconf 89' lang='lat' dir='ltr'>pars</span> <span class='ocrx_word' id='word_1_238' title='bbox 720 2293 797 2335; x_wconf 91' lang='lat' dir='ltr'>per</span> <span class='ocrx_word' id='word_1_239' title='bbox 820 2282 954 2322; x_wconf 89' lang='lat' dir='ltr'>solam</span> <span class='ocrx_word' id='word_1_240' title='bbox 978 2294 1131 2333; x_wconf 87' lang='lat' dir='ltr'>aquam</span> <span class='ocrx_word' id='word_1_241' title='bbox 1165 2280 1248 2322; x_wconf 93' lang='lat' dir='ltr'>huc</span> <span class='ocrx_word' id='word_1_242' title='bbox 1278 2294 1413 2333; x_wconf 87' lang='lat' dir='ltr'>usque</span> <span class='ocrx_word' id='word_1_243' title='bbox 1444 2281 1498 2322; x_wconf 87' lang='lat' dir='ltr'>ab</span> <span class='ocrx_word' id='word_1_244' title='bbox 1520 2281 1682 2334; x_wconf 84' lang='lat' dir='ltr'>impetu</span> <span class='ocrx_word' id='word_1_245' title='bbox 1705 2280 1850 2321; x_wconf 85' lang='lat' dir='ltr'>hostili</span> 
     </span>
     <span class='ocr_line' id='line_1_31' title="bbox 360 2351 1849 2406; baseline -0.002 -12"><span class='ocrx_word' id='word_1_246' title='bbox 360 2360 402 2394; x_wconf 88' lang='lat' dir='ltr'>et</span> <span class='ocrx_word' id='word_1_247' title='bbox 435 2352 669 2393; x_wconf 86' lang='lat' dir='ltr'>Turcarum</span> <span class='ocrx_word' id='word_1_248' title='bbox 713 2352 833 2394; x_wconf 83' lang='lat' dir='ltr'>rabie</span> <span class='ocrx_word' id='word_1_249' title='bbox 878 2360 1157 2406; x_wconf 82' lang='lat' dir='ltr'>praeservata</span> <span class='ocrx_word' id='word_1_250' title='bbox 1190 2351 1257 2403; x_wconf 84' lang='lat' dir='ltr'>sit,</span> <span class='ocrx_word' id='word_1_251' title='bbox 1304 2365 1430 2404; x_wconf 88' lang='lat' dir='ltr'>quam</span> <span class='ocrx_word' id='word_1_252' title='bbox 1463 2351 1576 2394; x_wconf 87' lang='lat' dir='ltr'>vires</span> <span class='ocrx_word' id='word_1_253' title='bbox 1609 2358 1849 2393; x_wconf 87' lang='lat' dir='ltr'>nostrarum</span> 
     </span>
     <span class='ocr_line' id='line_1_32' title="bbox 361 2421 1850 2477; baseline -0.001 -12"><span class='ocrx_word' id='word_1_254' title='bbox 361 2424 550 2477; x_wconf 84' lang='lat' dir='ltr'>gentium</span> <span class='ocrx_word' id='word_1_255' title='bbox 596 2424 693 2465; x_wconf 92' lang='lat' dir='ltr'>vino</span> <span class='ocrx_word' id='word_1_256' title='bbox 739 2424 967 2474; x_wconf 88' lang='lat' dir='ltr'>emollitae,</span> <span class='ocrx_word' id='word_1_257' title='bbox 1014 2423 1182 2464; x_wconf 79' lang='lat' dir='ltr'>auxiliis</span> <span class='ocrx_word' id='word_1_258' title='bbox 1228 2436 1312 2463; x_wconf 93' lang='lat' dir='ltr'>non</span> <span class='ocrx_word' id='word_1_259' title='bbox 1350 2423 1461 2464; x_wconf 91' lang='lat' dir='ltr'>bene</span> <span class='ocrx_word' id='word_1_260' title='bbox 1494 2423 1695 2474; x_wconf 89' lang='lat' dir='ltr'>munitae,</span> <span class='ocrx_word' id='word_1_261' title='bbox 1741 2421 1850 2463; x_wconf 90' lang='lat' dir='ltr'>tueri</span> 
     </span>
     <span class='ocr_line' id='line_1_33' title="bbox 360 2493 1851 2548; baseline -0.001 -13"><span class='ocrx_word' id='word_1_262' title='bbox 360 2495 429 2536; x_wconf 73' lang='lat' dir='ltr'>vix</span> <span class='ocrx_word' id='word_1_263' title='bbox 463 2502 654 2548; x_wconf 86' lang='lat' dir='ltr'>possent.</span> <span class='ocrx_word' id='word_1_264' title='bbox 689 2494 809 2544; x_wconf 81' lang='lat' dir='ltr'>Quae</span> <span class='ocrx_word' id='word_1_265' title='bbox 839 2495 920 2535; x_wconf 90' lang='lat' dir='ltr'>nisi</span> <span class='ocrx_word' id='word_1_266' title='bbox 952 2494 1048 2535; x_wconf 91' lang='lat' dir='ltr'>illos</span> <span class='ocrx_word' id='word_1_267' title='bbox 1078 2501 1244 2535; x_wconf 87' lang='lat' dir='ltr'>arceret</span> <span class='ocrx_word' id='word_1_268' title='bbox 1273 2494 1361 2534; x_wconf 90' lang='lat' dir='ltr'>suis</span> <span class='ocrx_word' id='word_1_269' title='bbox 1391 2493 1714 2535; x_wconf 75' lang='lat' dir='ltr'>excursionibus</span> <span class='ocrx_word' id='word_1_270' title='bbox 1745 2493 1851 2534; x_wconf 84' lang='lat' dir='ltr'>Tur-</span> 
     </span>
     <span class='ocr_line' id='line_1_34' title="bbox 361 2563 1849 2618; baseline -0.001 -11"><span class='ocrx_word' id='word_1_271' title='bbox 361 2580 505 2607; x_wconf 89' lang='lat' dir='ltr'>carum</span> <span class='ocrx_word' id='word_1_272' title='bbox 549 2567 631 2607; x_wconf 89' lang='lat' dir='ltr'>iam</span> <span class='ocrx_word' id='word_1_273' title='bbox 668 2574 709 2607; x_wconf 85' lang='lat' dir='ltr'>et</span> <span class='ocrx_word' id='word_1_274' title='bbox 743 2566 795 2607; x_wconf 90' lang='lat' dir='ltr'>de</span> <span class='ocrx_word' id='word_1_275' title='bbox 841 2566 964 2607; x_wconf 89' lang='lat' dir='ltr'>nobis</span> <span class='ocrx_word' id='word_1_276' title='bbox 1011 2572 1053 2606; x_wconf 90' lang='lat' dir='ltr'>et</span> <span class='ocrx_word' id='word_1_277' title='bbox 1086 2565 1139 2606; x_wconf 91' lang='lat' dir='ltr'>de</span> <span class='ocrx_word' id='word_1_278' title='bbox 1180 2565 1414 2606; x_wconf 87' lang='lat' dir='ltr'>christiana</span> <span class='ocrx_word' id='word_1_279' title='bbox 1458 2565 1665 2618; x_wconf 85' lang='lat' dir='ltr'>religione</span> <span class='ocrx_word' id='word_1_280' title='bbox 1699 2563 1762 2616; x_wconf 84' lang='lat' dir='ltr'>(ut</span> <span class='ocrx_word' id='word_1_281' title='bbox 1795 2563 1849 2605; x_wconf 90' lang='lat' dir='ltr'>de</span> 
     </span>
     <span class='ocr_line' id='line_1_35' title="bbox 362 2635 1849 2690; baseline -0.002 -12"><span class='ocrx_word' id='word_1_282' title='bbox 362 2636 545 2678; x_wconf 84' lang='lat' dir='ltr'>Graecia</span> <span class='ocrx_word' id='word_1_283' title='bbox 578 2643 620 2678; x_wconf 90' lang='lat' dir='ltr'>et</span> <span class='ocrx_word' id='word_1_284' title='bbox 651 2638 780 2678; x_wconf 90' lang='lat' dir='ltr'>Asiae</span> <span class='ocrx_word' id='word_1_285' title='bbox 801 2636 961 2690; x_wconf 87' lang='lat' dir='ltr'>regnis)</span> <span class='ocrx_word' id='word_1_286' title='bbox 994 2636 1191 2677; x_wconf 85' lang='lat' dir='ltr'>fortassis</span> <span class='ocrx_word' id='word_1_287' title='bbox 1225 2642 1365 2677; x_wconf 90' lang='lat' dir='ltr'>actum</span> <span class='ocrx_word' id='word_1_288' title='bbox 1394 2644 1496 2677; x_wconf 89' lang='lat' dir='ltr'>erat.</span> <span class='ocrx_word' id='word_1_289' title='bbox 1532 2635 1683 2676; x_wconf 89' lang='lat' dir='ltr'>Vinum</span> <span class='ocrx_word' id='word_1_290' title='bbox 1707 2643 1849 2675; x_wconf 89' lang='lat' dir='ltr'>autem</span> 
     </span>
     <span class='ocr_line' id='line_1_36' title="bbox 362 2705 1850 2760; baseline -0.003 -11"><span class='ocrx_word' id='word_1_291' title='bbox 362 2722 446 2749; x_wconf 88' lang='lat' dir='ltr'>non</span> <span class='ocrx_word' id='word_1_292' title='bbox 481 2709 616 2749; x_wconf 90' lang='lat' dir='ltr'>solum</span> <span class='ocrx_word' id='word_1_293' title='bbox 649 2722 733 2749; x_wconf 89' lang='lat' dir='ltr'>non</span> <span class='ocrx_word' id='word_1_294' title='bbox 758 2709 838 2749; x_wconf 92' lang='lat' dir='ltr'>hoc</span> <span class='ocrx_word' id='word_1_295' title='bbox 861 2708 1018 2758; x_wconf 88' lang='lat' dir='ltr'>valeat,</span> <span class='ocrx_word' id='word_1_296' title='bbox 1053 2706 1166 2760; x_wconf 89' lang='lat' dir='ltr'>quod</span> <span class='ocrx_word' id='word_1_297' title='bbox 1200 2707 1359 2748; x_wconf 82' lang='lat' dir='ltr'>auxilia</span> <span class='ocrx_word' id='word_1_298' title='bbox 1387 2707 1626 2748; x_wconf 89' lang='lat' dir='ltr'>morborum</span> <span class='ocrx_word' id='word_1_299' title='bbox 1657 2705 1850 2747; x_wconf 86' lang='lat' dir='ltr'>conferat</span> 
     </span>
     <span class='ocr_line' id='line_1_37' title="bbox 363 2777 1850 2821; baseline -0.002 -1"><span class='ocrx_word' id='word_1_300' title='bbox 363 2788 404 2820; x_wconf 85' lang='lat' dir='ltr'>et</span> <span class='ocrx_word' id='word_1_301' title='bbox 453 2780 641 2821; x_wconf 86' lang='lat' dir='ltr'>membra</span> <span class='ocrx_word' id='word_1_302' title='bbox 696 2780 911 2820; x_wconf 89' lang='lat' dir='ltr'>hominum</span> <span class='ocrx_word' id='word_1_303' title='bbox 958 2785 1073 2819; x_wconf 86' lang='lat' dir='ltr'>recte</span> <span class='ocrx_word' id='word_1_304' title='bbox 1124 2784 1247 2819; x_wconf 86' lang='lat' dir='ltr'>sanet</span> <span class='ocrx_word' id='word_1_305' title='bbox 1294 2778 1573 2819; x_wconf 87' lang='lat' dir='ltr'>verumetiam</span> <span class='ocrx_word' id='word_1_306' title='bbox 1622 2777 1850 2818; x_wconf 87' lang='lat' dir='ltr'>sanitatem</span> 
     </span>
     <span class='ocr_line' id='line_1_38' title="bbox 362 2848 1850 2902; baseline -0.003 -11"><span class='ocrx_word' id='word_1_307' title='bbox 362 2850 540 2891; x_wconf 86' lang='lat' dir='ltr'>auferat.</span> <span class='ocrx_word' id='word_1_308' title='bbox 590 2850 748 2891; x_wconf 89' lang='lat' dir='ltr'>Omitto</span> <span class='ocrx_word' id='word_1_309' title='bbox 793 2856 978 2896; x_wconf 86' lang='lat' dir='ltr'>caetera,</span> <span class='ocrx_word' id='word_1_310' title='bbox 1026 2849 1138 2902; x_wconf 86' lang='lat' dir='ltr'>quod</span> <span class='ocrx_word' id='word_1_311' title='bbox 1171 2849 1427 2902; x_wconf 87' lang='lat' dir='ltr'>patrimonia</span> <span class='ocrx_word' id='word_1_312' title='bbox 1468 2848 1725 2901; x_wconf 89' lang='lat' dir='ltr'>quandoque</span> <span class='ocrx_word' id='word_1_313' title='bbox 1758 2854 1850 2888; x_wconf 90' lang='lat' dir='ltr'>tota</span> 
     </span>
     <span class='ocr_line' id='line_1_39' title="bbox 360 2919 1851 2975; baseline -0.002 -14"><span class='ocrx_word' id='word_1_314' title='bbox 360 2927 528 2964; x_wconf 78' lang='lat' dir='ltr'>atterat.</span> <span class='ocrx_word' id='word_1_315' title='bbox 563 2921 721 2962; x_wconf 89' lang='lat' dir='ltr'>famam</span> <span class='ocrx_word' id='word_1_316' title='bbox 753 2922 909 2975; x_wconf 84' lang='lat' dir='ltr'>pulset,</span> <span class='ocrx_word' id='word_1_317' title='bbox 954 2921 1082 2970; x_wconf 71' lang='lat' dir='ltr'>rixas,</span> <span class='ocrx_word' id='word_1_318' title='bbox 1117 2920 1289 2971; x_wconf 86' lang='lat' dir='ltr'>caedes,</span> <span class='ocrx_word' id='word_1_319' title='bbox 1335 2919 1514 2960; x_wconf 86' lang='lat' dir='ltr'>infanda</span> <span class='ocrx_word' id='word_1_320' title='bbox 1547 2919 1741 2960; x_wconf 87' lang='lat' dir='ltr'>facinora</span> <span class='ocrx_word' id='word_1_321' title='bbox 1779 2931 1851 2958; x_wconf 80' lang='lat' dir='ltr'>ex-</span> 
     </span>
    </p>
   </div>
  </div>
 </body>
</html>
