1919 3273
1454 127 1524 163 397

113 283 134 316 5
189 273 365 314 Externi
396 285 553 314 venere
586 271 677 322 viri,
711 271 873 326 petiere
904 272 1067 323 remoti,

252 343 522 396 Magnanimo
554 342 647 396 regi
679 355 761 395 quo
793 343 908 384 bona
939 343 1065 384 thura
1098 343 1262 384 darent.

189 414 278 455 Iam
295 414 412 456 volat
434 413 663 455 extremius
686 411 730 466 (Ι)
754 414 964 464 Turchus,
989 414 1231 465 Germania,
1255 414 1447 467 Pannon,

252 484 322 526 Sic
355 490 398 526 et
429 484 717 527 Achemenius
749 484 898 525 Bethis
932 484 1072 526 adurit
1104 485 1221 527 odor.

189 556 244 597 Et
277 555 403 596 modo
437 555 508 608 qui
539 555 684 596 tribuit
715 555 887 596 Maurus
922 569 1000 596 sua
1033 556 1144 597 colla
1176 556 1370 597 cathenis

90 638 134 672 10
248 627 417 668 Vertice
451 626 662 668 submisso
695 626 898 681 principis
932 639 1006 668 ora
1037 628 1169 669 timet.

189 698 250 739 Ac
282 698 428 751 Tagus
461 697 658 738 auriferis
690 697 837 738 urbem
872 697 943 750 qui
974 698 1172 739 verberat
1204 698 1343 748 undis7

249 768 302 809 Et
334 781 477 810 muros
509 767 629 816 Itaci,
664 767 962 822 Callaciosque
995 769 1122 810 lares.

186 839 260 882 Sic
293 840 419 881 etiam
453 838 553 881 flavi
584 840 778 893 pavitant
811 846 909 881 ante
943 853 1017 881 ora
1048 841 1213 892 Batavi,

249 910 354 952 Cum
385 910 495 951 Daci
528 911 648 962 catis,
681 910 823 951 insula
855 911 1003 952 clausa
1035 913 1152 953 mari.

91 993 134 1027 15
190 982 362 1023 Palmes
394 981 581 1023 Idumeis
613 981 859 1035 gaudetque
892 983 1082 1024 nascitur
1114 984 1227 1025 arvis

249 1054 331 1094 Pro
364 1059 483 1095 tanto
517 1053 727 1095 exhilarat
758 1054 996 1095 Memnonis
1029 1068 1104 1095 ora
1136 1055 1255 1096 duce.

191 1124 244 1166 Et
275 1138 413 1178 vagus
446 1124 690 1178 Euphrates
724 1126 839 1166 socio
874 1125 944 1178 qui
976 1125 1093 1166 fonte
1126 1126 1344 1167 resolvunt

250 1195 391 1249 Tigris
424 1202 466 1237 et
498 1196 708 1237 occultum
742 1197 813 1248 qui
845 1202 963 1237 tenet
997 1209 1131 1249 usque
1165 1203 1306 1250 caput.

192 1266 295 1317 Quis
327 1280 402 1308 rex
431 1267 515 1308 iste
547 1267 651 1308 mihi
682 1273 770 1308 toto
803 1273 1032 1309 veneratus
1066 1267 1119 1309 ab
1154 1266 1293 1309 orbe‘?

92 1348 137 1383 20
250 1338 361 1379 Num
392 1338 484 1379 Rex
514 1338 585 1379 ille
618 1344 785 1380 manet:
822 1340 889 1380 cui
921 1339 1013 1379 litat
1046 1352 1122 1380 ara
1153 1338 1370 1391 frequens.

192 1409 441 1451 Vuladislae
474 1416 628 1464 potens
662 1409 823 1451 Caesar
857 1418 898 1450 tu
931 1423 984 1450 ne
1019 1410 1127 1451 alter
1157 1409 1274 1450 Iulus

250 1481 457 1534 Incipiam
489 1494 564 1535 pro
598 1487 639 1522 te
674 1481 787 1534 quod
820 1481 922 1522 dare
957 1481 1084 1522 sudat
1116 1481 1266 1522 Arabs.

195 1553 246 1593 Et
266 1559 312 1593 tu
335 1552 544 1606 suscipies
567 1559 784 1605 tamquam
808 1552 915 1593 deus
946 1553 1141 1605 almaque
1165 1553 1340 1595 traddes
1364 1551 1408 1607 (1)

252 1623 433 1665 Lumina
466 1623 633 1665 devotis
666 1624 782 1665 facta
815 1624 1020 1677 opulenta
1052 1624 1172 1666 meis.

48 1800 121 1843 Ad
143 1801 321 1843 eamdem
343 1800 488 1843 divum
520 1800 815 1842 Vuladz'slfflmz
838 1801 1066 1856 Huozyarz'e
1089 1801 1371 1854 Bohemicque
1392 1815 1528 1857 regem

366 1872 757 1926 splendidissimum
792 1873 1212 1925 invictissimumque.

194 1978 302 2021 Olim
335 1980 474 2021 laudis
509 1986 599 2021 erat
632 1980 809 2034 direptis
843 1988 986 2022 castra
1017 1980 1216 2034 maniplis

253 2051 420 2092 Pellere
453 2051 659 2106 Pompeio
693 2052 760 2093 cui
793 2051 925 2092 decus
959 2065 1083 2092 omne
1117 2052 1249 2093 stetit.

194 2122 271 2164 Hle
305 2123 517 2163 cruentati
548 2123 719 2164 Picenis
753 2123 926 2176 agmina
960 2122 1075 2176 Sylla

253 2194 469 2235 Discussit
502 2195 664 2248 campis
698 2195 835 2235 acrior
867 2194 989 2235 hoste
1023 2207 1216 2235 manens.

119 2275 139 2308 5
198 2264 384 2318 Contigit
415 2265 497 2306 hoc
530 2264 638 2315 aliis,
672 2265 899 2315 Dentatus,
935 2264 1058 2305 Curio
1092 2266 1271 2318 primum

254 2336 356 2377 Rem
390 2336 577 2377 faustam
609 2336 758 2389 gessit,
794 2336 855 2376 sic
887 2335 1104 2377 Labienus
1138 2335 1263 2377 idem.

197 2406 347 2448 Cedite
379 2407 629 2448 Pannonico
662 2406 837 2460 gesistis
861 2404 904 2460 (1)
937 2407 1070 2460 prelia
1104 2407 1211 2459 Regi

254 2478 399 2519 Mollia
430 2491 507 2519 vos
539 2484 716 2528 tantum,
750 2491 826 2519 vos
861 2491 1029 2530 quoque
1063 2477 1186 2518 turba
1219 2477 1387 2519 ducum.

195 2549 368 2603 Expulit
399 2549 580 2590 infestos
613 2548 769 2589 nostris
803 2548 1040 2589 cervicibus
1073 2548 1234 2598 hostes,

100 2629 144 2664 10
259 2621 311 2661 Et
343 2621 443 2662 vicit
475 2620 620 2674 magni
654 2620 853 2663 Caesaris
887 2633 1003 2660 arma
1036 2626 1202 2673 potens.

199 2690 310 2740 Quid
341 2691 515 2733 maius?
550 2693 585 2733 si
616 2698 737 2733 tanta
768 2691 883 2741 facit,
918 2690 953 2731 si
985 2696 1105 2730 tanta
1138 2690 1305 2744 peregit

258 2763 380 2804 Bella
395 2762 416 2803 ἶ)
451 2763 550 2816 quid
584 2761 818 2817 expectat?
850 2768 985 2803 restat
1017 2761 1134 2802 adire
1169 2762 1287 2803 deos.

199 2831 233 2874 O
267 2833 398 2874 foelix
430 2834 590 2875 victure
623 2840 696 2875 tuo
729 2834 889 2875 victure
923 2839 1115 2886 parente.

257 2905 345 2945 Iam
378 2905 537 2959 poteris
570 2905 719 2946 merito
753 2905 899 2946 secula
932 2917 1041 2945 cana
1073 2903 1187 2945 mori.
