1919 3273
313 122 382 156 418

385 276 404 308 5

363 633 405 666 10

367 1918 409 1951 10

368 2275 409 2307 15

460 265 710 312 Innumeros
743 264 824 306 vici
855 265 1037 319 populos
1071 265 1379 319 pulchramque
1403 264 1611 306 Viennam

523 336 663 387 Solus,
698 342 740 377 61
771 336 967 377 immensi
1002 337 1072 389 qui
1106 336 1231 377 timor
1269 335 1383 377 orbis
1417 349 1545 387 eram,

463 407 776 460 Caesaresque,
801 404 846 460 (1)
869 408 1065 460 geminos
1088 407 1228 448 fateor
1250 407 1425 448 duxisse
1448 407 1689 461 triumphos

520 479 596 520 Ille
629 479 860 529 Romanus,
894 479 1059 520 Turcus
1094 484 1135 520 61
1168 479 1277 519 alter
1309 484 1413 519 erat.

463 550 650 591 Plurima
683 562 981 604 conceperam,
1017 550 1175 591 nostris
1208 549 1380 590 fortuna
1413 549 1565 592 diebus

520 620 689 672 Invidit,
724 620 860 662 cecidi
892 622 1032 674 pulvis
1069 627 1110 662 et
1143 621 1293 662 umbra
1325 626 1489 661 tantum
1512 619 1555 675 (1)
1575 620 1589 643 ²

462 693 620 747 Aspice
655 692 725 745 qui
756 691 922 743 fuerim,
957 706 1083 745 quam
1111 705 1308 746 magnus,
1331 698 1479 746 postea
1507 692 1667 734 mundo

525 764 682 805 Secula
714 763 961 815 narrabunt,
998 776 1064 804 me
1098 764 1193 804 tulit
1226 764 1332 805 hora
1363 763 1521 805 brevis.

970 855 1158 903 Τελος.

692 1084 813 1126 Dum
845 1083 957 1125 Alba
988 1083 1166 1138 Reyalis
1200 1087 1433 1137 capcretm.

964 1166 1039 1208 (fol.
1068 1166 1162 1209 9621.)

462 1264 575 1305 Dum
601 1264 692 1304 Rex
714 1263 1007 1304 Pannonicam
1036 1263 1254 1304 Romanus
1277 1263 1467 1305 vinceret
1500 1263 1667 1311 Albam,

522 1336 575 1376 Et
606 1334 796 1376 furerent
830 1334 989 1376 caedes
1024 1347 1102 1388 per
1133 1334 1227 1375 fora
1259 1347 1423 1388 perque
1455 1334 1562 1383 vias,

465 1407 630 1448 Corruit
663 1407 719 1447 ad
751 1407 957 1447 tumulum
990 1406 1180 1447 Mathiae
1200 1405 1213 1428 '2
1246 1406 1417 1447 victima
1449 1406 1566 1459 regis

525 1478 663 1531 Atque
698 1491 821 1519 cruor
854 1478 997 1518 statim
1031 1477 1148 1518 venit
1182 1477 1237 1518 ad
1270 1491 1344 1519 ora
1376 1477 1469 1518 feri.

465 1550 664 1591 Protinus
699 1550 912 1591 exclamat
944 1549 1068 1589 miles
1103 1549 1333 1590 sacrabere
1366 1562 1584 1601 nunquam

523 1622 628 1663 Post
661 1621 821 1662 obitum
854 1620 1029 1661 tandem
1065 1620 1275 1673 sanguine
1309 1620 1411 1661 tolle
1446 1620 1568 1661 sitim.

466 1693 622 1735 Verum
656 1706 736 1746 ego
770 1693 813 1733 ni
846 1692 973 1733 fallor
1003 1693 1117 1733 vitae
1151 1692 1234 1733 fert
1267 1705 1368 1733 cura
1399 1698 1617 1745 repostum

525 1764 797 1817 Sanguineas
832 1763 979 1817 Stygio
1013 1777 1107 1804 cum
1140 1769 1261 1804 vorat
1294 1776 1418 1803 amne
1452 1763 1598 1817 dapes.

466 1837 589 1877 Hunc
621 1836 766 1877 iuvere
801 1848 945 1885 neces,
981 1834 1141 1875 homini
1175 1834 1273 1875 dum
1307 1834 1398 1875 fata
1430 1834 1664 1876 manebant

524 1908 720 1948 Humano
754 1906 978 1960 gravidam
1012 1906 1177 1947 viscere
1211 1906 1316 1947 fecit
1347 1906 1536 1946 humum.

468 1978 644 2020 Viderat
674 1977 872 2019 immanis
905 1977 1108 2018 laniatum
1146 1990 1323 2030 corpore
1359 1984 1448 2018 toto

525 2049 617 2090 Nec
649 2055 835 2090 mentem
868 2049 1009 2102 tetigit
1041 2048 1221 2101 turpiter
1254 2061 1329 2089 ora
1360 2049 1478 2089 lacer

464 2121 648 2162 Auribus
682 2121 837 2162 excisis
870 2120 970 2161 lusit
1005 2120 1210 2173 populata
1242 2125 1449 2173 tyrannus

525 2192 736 2245 Tempore
771 2198 812 2233 et
843 2192 1060 2233 immundo
1094 2191 1271 2233 vulnere
1305 2191 1421 2231 naris
1456 2197 1547 2232 erat

465 2264 659 2305 Effossos
693 2263 839 2305 oculos
873 2262 1077 2304 disiectos
1112 2263 1243 2304 movit
1276 2268 1318 2302 et
1350 2270 1468 2302 artus

528 2334 638 2384 Quin
672 2340 713 2374 61
747 2334 909 2375 crudeli
942 2340 1040 2375 sunt
1074 2333 1176 2374 data
1210 2333 1399 2374 membra
1432 2340 1566 2374 rotae.

468 2406 502 2447 O
537 2406 733 2458 quotiens
767 2405 895 2445 animi
927 2418 1111 2458 poenam
1144 2405 1291 2445 luxere
1325 2403 1559 2445 nefandam

525 2476 714 2517 Danubii
746 2477 888 2517 miseri
922 2476 1020 2517 dum
1053 2482 1306 2529 raperentur
1338 2475 1461 2528 aquis

468 2549 515 2589 In
548 2561 679 2601 grave
714 2548 927 2601 segnitiae
960 2547 1119 2589 factum
1153 2553 1408 2600 proruperat
1440 2560 1565 2588 omne

530 2619 748 2674 Supplicio
782 2619 877 2660 finis
911 2618 1047 2660 defuit
1080 2619 1174 2672 ipse
1209 2631 1297 2659 suo.

965 2711 1159 2760 Τελος.

442 2890 451 2908 ¹
478 2906 524 2918 Ξ
541 2894 672 2925 tamen.
725 2890 737 2908 ‘²
764 2891 855 2925 haec
880 2900 949 2924 vox
975 2890 1012 2924 in
1038 2900 1164 2924 rasura
1192 2900 1211 2923 a
1238 2901 1282 2924 m.
1299 2891 1314 2922 ἰ)
