1955 3278
366 142 432 175 153s

365 285 617 327 rubentibus
656 285 804 326 buccis
838 290 879 326 et
913 285 1093 326 tumenti
1125 298 1196 327 ore
1212 284 1235 326 5>
1283 285 1328 326 Si
1360 285 1401 326 in
1436 286 1724 339 apostolorum
1758 287 1852 328 loco

366 369 525 407 sumus,
572 369 656 397 non
690 356 826 397 solum
872 369 1112 398 sermonem
1158 369 1303 397 eorum
1342 356 1565 408 imitemur,
1614 356 1853 398 sedetiam

365 427 735 469 conversationem
759 432 802 468 et
824 427 1139 468 abstinentiam.
1175 427 1237 469 Ne
1262 427 1410 468 merito
1432 427 1475 468 in
1499 440 1577 469 nos
1601 427 1854 481 detorquea-

366 503 432 539 tur
463 498 566 539 illud
599 498 756 539 Esaiae
781 498 965 540 dictum:
1000 498 1090 539 Vae
1115 498 1186 550 qlu
1212 498 1469 552 consurgitis
1492 512 1618 540 mane
1641 498 1695 540 ad
1719 499 1854 540 ebrie-

364 576 497 610 tatem
531 569 796 620 sectandam,
832 576 874 611 et
907 569 1141 624 potandum
1175 583 1310 622 usque
1344 569 1398 611 ad
1432 582 1657 623 vesperam
1690 577 1735 611 ut
1758 570 1854 611 vino

365 641 586 682 aestuetis.
633 640 924 682 Verecundari
963 640 1159 694 profecto
1193 640 1464 691 deberemus,
1506 640 1620 693 quod
1653 641 1724 693 qui
1756 653 1855 682 sese

365 712 523 753 Christi
554 712 790 753 imitatores
824 718 866 753 et
892 712 1015 765 regni
1049 711 1249 753 coelestis
1282 712 1497 753 haeredes
1531 711 1790 765 profitemur,
1813 712 1855 752 in

364 783 431 824 his
463 796 573 836 quae
619 789 715 824 sunt
761 784 981 833 coelestia,
1029 790 1071 824 01
1116 783 1358 825 Christiano
1404 785 1574 825 nomine
1609 783 1739 837 digna
1774 796 1853 825 nos

202 865 313 896 Sacer·
364 855 493 895 etiam
527 854 686 896 ethnici
719 860 760 895 et
792 854 952 908 pagani
987 854 1285 908 superaverint
1318 862 1359 895 01
1394 861 1610 909 superant.
1651 855 1856 908 Legimus

199 918 312 977 domn}
365 925 577 977 siquidem
609 925 725 978 apud
760 925 1070 966 Cheremonem
1095 925 1287 974 stoicum,
1323 925 1436 978 quod
1458 926 1588 979 prisci
1611 926 1856 980 Aegyiptio—

172 970 342 1053 Aeffiffim'
365 1010 454 1037 rum
490 993 817 1049 sacerstotes(1)
851 1002 892 1036 01
926 995 1126 1037 carnibus
1159 1003 1201 1036 et
1234 997 1333 1038 vino
1367 1010 1538 1050 semper
1560 997 1857 1038 abstinuerunt

152 1076 354 1108 abstinentia
367 1068 420 1108 ab
455 1080 505 1108 eo
539 1074 731 1120 tempore
766 1080 848 1119 quo
883 1080 929 1107 se
955 1066 1097 1108 divino
1131 1067 1263 1108 cultui
1287 1068 1612 1122 applicuissent,
1636 1075 1681 1109 ut
1703 1080 1858 1109 sensus

365 1140 573 1179 tenuitate
607 1139 747 1180 forent
779 1139 1034 1191 vegetiores.
1067 1138 1184 1179 Idem
1220 1138 1272 1180 de
1307 1139 1455 1180 Esseis
1489 1139 1603 1193 apud
1634 1139 1856 1180 Philonem

366 1210 600 1251 Eusebium
646 1216 687 1250 et
732 1209 962 1263 Iosephum
1008 1210 1203 1261 habetur,
1250 1210 1321 1262 qui
1364 1211 1407 1251 in
1452 1210 1614 1251 Iudaea
1659 1209 1859 1251 abstemii

366 1281 539 1321 fuerunt
572 1289 613 1323 et
637 1281 931 1334 quotidianum
964 1281 1166 1322 ieiunium
1188 1281 1230 1321 in
1254 1288 1450 1322 naturam
1473 1287 1704 1323 verterunt.
1738 1280 1857 1322 Haec

368 1365 462 1392 cum
495 1352 555 1393 ita
588 1352 684 1403 sint,
720 1353 814 1405 quis
837 1365 922 1393 non
947 1351 1094 1393 credat
1118 1358 1160 1393 et
1184 1365 1338 1404 aquam
1373 1358 1415 1393 et
1437 1352 1700 1406 hydropotas
1723 1352 1858 1406 potio-

202 1444 315 1480 Aquae.
368 1423 485 1464 ribus
530 1423 732 1465 laudibus
778 1423 1049 1465 extollendos
1095 1437 1193 1465 esse
1234 1437 1360 1477 quam
1393 1425 1651 1466 merobibus.
1701 1424 1860 1465 Probat

197 1499 326 1555 pptores
371 1495 482 1535 enim
517 1495 763 1536 Alexander
794 1496 836 1535 in
883 1495 1175 1548 problematis,
1223 1495 1336 1548 quod
1379 1509 1517 1548 aquae
1560 1501 1734 1549 potores
1766 1495 1861 1536 visu

185 1552 333 1631 sgigib‘iis
370 1576 411 1607 et
445 1567 629 1608 caeteris
664 1567 863 1607 sensibus
898 1565 1057 1619 (vinum
1091 1567 1201 1607 enim
1237 1567 1455 1621 copiosum
1491 1566 1753 1621 spiritalibus
1781 1566 1861 1607 viis

175 1654 338 1683 acutiores
370 1651 523 1678 sensus
547 1637 747 1689 obstruit)
780 1639 912 1679 multo
935 1645 1032 1679 sunt
1055 1639 1283 1679 acutiores.
1316 1639 1369 1679 Et
1391 1639 1432 1678 in
1462 1638 1718 1679 contrarium
1742 1637 1860 1679 Salo-

111 1722 113 1725 ’
154 1715 346 1765 θδδθῇιξῑέῑῑῃ
368 1722 466 1749 111011
511 1709 553 1749 111
587 1709 851 1762 proverbiis:
901 1709 990 1761 Cui,
1037 1709 1185 1762 inquit,
1234 1716 1299 1750 est
1333 1709 1559 1751 suffocatio
1604 1710 1861 1751 oculorum‘?

218 1768 290 1788 vnn.
368 1780 519 1821 Nonne
565 1780 631 1821 his
678 1780 747 1832 qui
781 1787 1095 1821 commorantur
1125 1780 1167 1820 in
1200 1780 1311 1831 vino,
1360 1787 1400 1821 et
1435 1780 1608 1822 student
1654 1781 1860 1823 calicibus

368 1849 627 1904 epotandis?
648 1851 712 1892 Ne
731 1852 936 1892 intuearis
951 1851 1094 1893 vinum
1116 1851 1287 1904 quando
1306 1851 1514 1901 flavescit,
1537 1865 1630 1893 cum
1653 1851 1856 1905 splendu-

369 1923 446 1963 erit
480 1923 521 1963 in
555 1923 662 1964 vitro
699 1924 815 1964 color
848 1922 954 1972 eius,
995 1922 1233 1976 ingreditur
1276 1922 1437 1963 blande
1472 1928 1514 1964 et
1546 1922 1588 1962 111
1628 1923 1861 1964 novissimo

367 1993 577 2035 mordebit
610 2001 654 2035 ut
679 1994 867 2045 coluber,
891 2000 933 2035 et
957 1993 1066 2035 sicut
1087 1994 1264 2046 regulus
1287 2007 1456 2035 venena
1480 1993 1702 2035 diffundet.
1739 1992 1863 2035 Oculi

366 2065 427 2105 tui
460 2064 667 2107 videbunt
713 2071 957 2117 extraneos,
1004 2071 1046 2106 et
1079 2078 1151 2106 cor
1184 2070 1302 2105 tuum
1346 2065 1544 2117 loquetur
1581 2077 1787 2118 perversa
1820 2072 1861 2105 et

368 2136 451 2176 eris
486 2137 594 2177 sicut
629 2136 844 2177 dormiens
876 2136 920 2176 in
952 2136 1093 2177 medio
1127 2137 1245 2185 mari,
1280 2142 1322 2177 et
1356 2136 1479 2188 quasi
1508 2136 1674 2189 sopitus
1707 2135 1860 2189 guber-

176 2231 264 2262 Vffia
281 2233 344 2262 vini
368 2216 490 2249 nator
523 2208 681 2249 amisso
716 2208 850 2249 clavo.
900 2208 953 2248 Et
987 2214 1031 2248 111
1063 2207 1191 2248 latius
1236 2220 1486 2261 prosequar,
1531 2207 1660 2248 liceat
1699 2206 1858 2249 audite.

245 2288 276 2314 et
368 2280 469 2333 quid
503 2279 555 2320 de
589 2279 675 2320 vini
699 2285 741 2319 et
773 2279 995 2320 ebrietatis
1027 2278 1156 2319 laude
1181 2278 1380 2319 catholici
1405 2277 1636 2331 scriptores
1661 2277 1858 2318 dixerint.

154 2336 346 2425 υξῧξὲῖῖῒᾞῖ
368 2352 677 2404 Hiermiymus:
725 2350 902 2405 Quanto¹
939 2349 1079 2391 studio
1125 2349 1331 2402 fugienda
1379 2356 1444 2390 051
1477 2347 1704 2390 ebrietas?
1748 2361 1858 2401 quae

349 2414 525 2475 'corpus
560 2421 840 2462 domesticum
863 2421 1037 2474 spiritus
1061 2420 1573 2474 receptaculum*reducit
1604 2420 1646 2460 111
1681 2419 1860 2471 sterqui-

368 2493 515 2533 linium
549 2493 688 2533 carnis
722 2498 910 2543 nostrae,
942 2492 1121 2545 gloriam
1154 2491 1319 2532 reducit
1352 2492 1394 2532 in
1427 2492 1573 2541 lutum,
1608 2491 1731 2543 fugat
1764 2503 1860 2543 pru-

369 2563 571 2614 dentiam,
624 2570 770 2604 cassat
821 2563 961 2611 fidem,
1015 2569 1216 2617 operatur
1268 2562 1508 2615 naufragia.
1564 2562 1857 2614 Augustinus:

182 2660 334 2691 Ebrietas
368 2635 566 2676 Ebrietas
590 2641 656 2675 est
677 2634 935 2687 flagitiorum
958 2634 1143 2674 omnium
1166 2639 1314 2681 mater,
1338 2634 1643 2686 culparnmque
1668 2631 1858 2681 materia,

155 2714 355 2753 naufragium
368 2706 490 2746 radix
524 2706 756 2757 criminum,
804 2706 922 2758 origo
955 2705 1166 2754 vitiorum,
1212 2704 1398 2745 turbatio
1433 2703 1599 2757 capitis,
1637 2703 1859 2744 subversio

167 2767 337 2797 castitatis.
369 2790 536 2825 sensus,
583 2783 821 2830 tempestas
867 2776 1055 2829 linguae,
1103 2775 1292 2828 procella
1339 2774 1540 2827 corporis,
1588 2772 1859 2826 naufragium

369 2847 596 2896 castitatis,
621 2847 795 2887 amissio
819 2846 1037 2900 temporis,
1072 2846 1239 2886 insania
1263 2845 1516 2894 voluntaria,
1551 2844 1859 2897 ignominiosus

368 2918 561 2971 languor.
593 2917 807 2971 turpitudo
831 2930 1004 2961 1110111111,
1041 2916 1231 2957 dedecus
1255 2916 1382 2963 vitae,
1408 2915 1647 2956 honestatis
1668 2914 1858 2965 infamia,
