1919 3273
327 103 403 136 384

464 262 484 294 5
540 250 707 302 Vultus,
743 249 964 304 egregium
996 249 1146 291 vident
1177 249 1358 291 Bohemi

541 321 632 363 Illic
666 327 707 363 et
741 321 956 362 dominum
988 320 1135 374 inclyti
1169 321 1457 374 frequentant.

540 392 717 434 Rhenus
752 405 846 433 cum
878 391 1089 433 Rhodano
1123 392 1275 433 ducem
1309 398 1522 443 verentur,

541 464 770 505 Terrarum
802 470 926 517 pater
959 469 1038 515 est,
1073 463 1241 517 deoque
1275 470 1437 517 gratus,

543 535 651 577 Huic
683 535 792 588 Regi
824 535 977 576 Piliam
1010 534 1134 576 dabis
1168 542 1393 588 sgnectam

442 618 486 651 10
545 606 677 648 Sacro
710 606 903 660 Iuppiter
935 619 958 647 o
992 606 1168 658 micans,
1202 619 1419 659 rogamus.

542 679 624 719 Pro
658 684 699 719 te
733 678 927 732 principe
962 678 1024 719 sic
1057 678 1154 719 volo
1190 677 1371 731 precari,

542 750 710 791 Numen
743 750 846 790 Iane
879 756 996 790 tuum
1028 755 1133 802 puta
1166 749 1328 790 sodalis

542 821 666 863 Hunc
699 820 818 862 dices
852 821 999 862 oculos
1032 826 1128 861 tuos
1162 819 1338 872 habere,

545 892 803 946 Spectantes
836 891 943 942 fora,
978 890 1095 932 sedis
1129 896 1171 932 et
1205 897 1400 932 senatum

443 975 487 1008 15
543 964 713 1018 Tarpec
747 963 861 1005 Iovis
896 969 937 1004 et
969 962 1115 1016 iugum
1148 968 1332 1011 monete.

394 1166 467 1208 Ad
499 1165 681 1208 eundem
713 1164 858 1207 divum
889 1164 1189 1206 Vzaladz‘slaum
1223 1164 1272 1205 de
1305 1164 1455 1217 templo
1487 1162 1661 1216 fortune
1692 1163 1776 1206 sibi

384 2009 430 2043 10

609 1237 892 1279 construendo
924 1235 974 1278 in
1006 1236 1105 1278 colle
1138 1235 1291 1278 iterum
1330 1234 1564 1287 Quirinali.

483 1356 566 1397 Illa
600 1355 692 1397 dies
724 1356 875 1397 iterum
910 1362 1082 1397 sacrata
1115 1361 1181 1396 est
1214 1355 1322 1397 colle
1356 1354 1532 1405 Quirini,

544 1428 759 1469 Fortunae
793 1428 949 1469 tulerat
983 1440 1065 1480 que
1099 1440 1212 1468 nova
1243 1426 1359 1468 festa
1391 1425 1514 1468 deae.

486 1499 649 1541 Caesar
681 1499 920 1551 Agenoreis
953 1498 1090 1540 victor
1122 1511 1215 1539 cum
1249 1497 1366 1539 venit
1399 1497 1453 1539 ab
1488 1497 1572 1538 oris

543 1571 781 1624 Regnaque
815 1568 984 1611 fallacis
1019 1569 1212 1611 contudit
1245 1569 1390 1624 ampla
1421 1568 1540 1618 Iube.

485 1642 666 1683 Publica
697 1642 860 1696 templa
893 1641 1025 1692 dedit,
1058 1641 1171 1682 ludis
1205 1646 1250 1681 ut
1282 1653 1387 1695 sepe
1420 1640 1711 1693 frequentent,

546 1713 726 1766 Sintque
760 1712 970 1762 Quirinali
1003 1711 1246 1754 sacrificata
1278 1712 1390 1766 iugo.

484 1784 608 1826 Nunc
642 1784 822 1826 delubra
854 1783 992 1835 vides,
1028 1784 1156 1825 etiam
1188 1791 1397 1825 venerata
1432 1782 1586 1825 Sabeis

544 1856 755 1908 Nubibus,
788 1855 880 1897 Idei
912 1855 1017 1896 dant
1050 1868 1219 1908 quoque
1252 1855 1379 1896 thura
1410 1860 1569 1909 patres.

484 1927 583 1982 Ipse
617 1928 700 1969 hac
733 1927 882 1968 militia
914 1927 1098 1981 populos
1131 1926 1332 1968 submitte
1365 1926 1566 1978 rebelles,

552 1999 781 2040 Vincentur
814 1998 966 2040 dextra
999 1997 1348 2051 magnanimique
1384 1997 1530 2040 duces.

486 2070 584 2112 Iura
616 2070 730 2112 feres
763 2070 927 2121 Rheno,
964 2069 1095 2110 stabit
1128 2083 1236 2122 gens
1272 2068 1439 2110 Gallica
1472 2075 1643 2124 sceptro

546 2143 697 2184 Iuncta
729 2148 814 2191 tuo,
846 2142 969 2195 leges
1002 2148 1134 2195 ponet
1167 2148 1209 2182 et
1242 2155 1362 2182 arma
1395 2148 1509 2195 toga.

488 2213 654 2255 Glorior
687 2213 950 2267 armipotens
982 2217 1181 2266 repetant
1215 2212 1329 2265 quod
1362 2212 1476 2254 festa
1507 2212 1699 2254 Bohemi.

546 2285 676 2326 Letor
709 2291 751 2325 et
784 2283 938 2326 officiis
972 2282 1239 2326 demeruisse
1273 2284 1408 2325 nimis.

335 2486 409 2527 Ad
442 2486 621 2528 eundem
655 2485 800 2527 divum
837 2484 1136 2526 Vuladz'slaum
1168 2499 1308 2539 reyem
1344 2482 1549 2537 optimum
1582 2480 1827 2535 admonitio,

331 2556 377 2599 si
409 2556 643 2611 aliquando
667 2556 919 2612 contingerit
942 2555 989 2608 (s)
1019 2570 1061 2598 se
1082 2555 1132 2598 in
1158 2559 1356 2597 externas
1386 2553 1576 2606 conferre
1605 2552 1829 2608 Reyiones.

488 2676 696 2730 Princeps
731 2675 932 2729 Sytonios
965 2688 1102 2729 nuper
1132 2680 1311 2715 venture
1344 2673 1539 2724 Triones,

553 2746 748 2800 Aspicies
782 2757 879 2794 urse:v
914 2745 1069 2799 sydera
1102 2746 1227 2799 pigra
1258 2753 1343 2792 ως.

487 2817 593 2859 Inde
626 2817 906 2858 Prometheas
941 2830 1093 2859 cernes
1127 2822 1169 2857 et
1200 2816 1349 2857 fabula
1381 2828 1541 2869 ruppes
1574 2813 1616 2868 (1)

551 2888 675 2938 Quod
707 2889 862 2930 montis
896 2894 1102 2930 memorat
1134 2888 1204 2929 vix
1238 2886 1439 2928 adeunda
1470 2887 1576 2927 loca.
