1955 3278
1528 129 1598 164 295

112 274 214 316 hinc
259 273 371 315 enim
403 278 477 314 tua
508 285 574 314 me
620 271 885 313 incredibilis
923 271 967 312 in
1007 285 1154 314 omnes
1197 272 1455 326 benignitas,
1500 272 1599 315 hinc

114 344 360 395 auctoritas,
394 357 478 396 qua
509 342 734 397 plurimum
765 342 809 382 in
841 342 923 383 hoc
955 356 1088 396 regno
1122 343 1272 397 polles,
1306 343 1406 385 hinc
1437 344 1599 398 ingenii

113 415 365 466 dexteritas,
400 414 499 455 hinc
531 413 726 455 omnibus
757 412 800 453 in
834 413 963 454 rebus
996 413 1236 466 prudentia,
1270 414 1369 456 hinc
1408 415 1598 469 gravitas

113 487 298 527 maxima
321 484 504 538 quadam
530 483 703 525 condita
724 484 927 524 comitate
962 496 1127 524 summa
1150 484 1397 538 defigebant
1419 485 1597 527 admira-

112 556 242 608 tione,
268 568 350 608 quo
373 554 519 606 fiebat,
549 560 595 594 ut
612 557 656 595 in
680 553 772 595 dies
798 553 1139 606 exardescerem,
1163 568 1230 595 me
1251 555 1350 596 licet
1374 556 1597 598 absentem

112 627 156 668 in
177 633 291 667 tuam
315 625 545 667 amicitiam
569 625 712 677 aliquo
732 623 858 665 modo
880 624 1112 667 insinuare.
1141 625 1296 667 Verum
1318 640 1444 678 quam
1466 627 1598 669 facul-

113 703 245 738 tatem
289 697 393 738 mihi
437 695 578 737 adhuc
622 695 665 736 in
697 695 823 736 Italia
868 694 1043 749 degenti
1087 695 1380 749 denegaverat
1413 697 1596 750 fortuna,

112 781 226 810 nunc
259 767 427 809 demum
447 767 491 807 in
517 766 747 808 Germania
779 767 926 819 agenti
957 767 1028 807 Dii
1060 767 1169 808 ultro
1199 767 1454 812 obtulerunt.
1488 769 1597 811 Nam

112 852 195 891 quo
230 839 324 891 quis
356 838 500 891 ignem
533 838 709 891 propius
743 837 923 888 accedit,
958 851 1009 878 eo
1042 838 1180 891 magis
1204 838 1466 881 incalescere
1500 853 1597 882 con-

114 910 264 961 svevit‚
300 909 451 950 eodem
484 914 612 963 pacto
634 908 737 949 mihi
769 909 924 960 evenit,
947 922 1029 962 quo
1054 911 1163 950 enim
1188 909 1404 963 Ungariae
1427 911 1599 965 propior

110 981 253 1022 factus
299 994 406 1032 sum,
453 993 504 1022 eo
538 980 809 1021 manifestius
855 981 1096 1034 singulares
1142 981 1318 1022 virtutes
1352 987 1447 1023 tuas
1480 982 1599 1023 licuit

110 1052 214 1092 mihi
245 1052 492 1106 perspicere
518 1086 526 1093 .
552 1085 559 1092 .
584 1084 592 1093 .
625 1051 820 1104 Namque
856 1051 963 1092 alios
1010 1052 1194 1105 pecunia
1225 1052 1446 1105 honustos,
1490 1054 1597 1095 alios

111 1122 349 1164 sacerdotis
370 1122 637 1172 honestatos,
664 1122 772 1163 alios
795 1122 1119 1175 magistratibus
1136 1123 1363 1176 insignitos
1386 1124 1596 1166 dimittere

110 1193 386 1245 consvevisti,
419 1194 480 1234 ita
502 1193 561 1239 fit,
582 1199 629 1234 ut
649 1193 844 1234 omnibus
869 1193 927 1234 sis
961 1193 1237 1235 charissimus
1261 1200 1304 1236 et
1325 1195 1379 1236 ab
1401 1196 1596 1237 omnibus

110 1264 434 1306 commenderis.
489 1264 760 1318 Quapropter
799 1278 925 1317 quum
968 1264 1124 1307 divitiis
1165 1271 1238 1306 tua
1280 1279 1365 1307 non
1403 1266 1597 1320 indigeat

109 1335 312 1387 conditio,
357 1349 438 1377 nec
482 1349 671 1377 mearum
716 1349 855 1376 rerum
901 1336 1073 1377 fortuna
1116 1336 1196 1378 has
1240 1350 1369 1391 posse
1413 1339 1596 1392 cuipiam

110 1406 282 1460 elargiri
304 1407 504 1461 patiatur,
530 1420 683 1447 munus
704 1407 793 1458 tibi,
822 1406 935 1460 quod
968 1407 1158 1461 benigna
1184 1421 1306 1449 esses
1337 1408 1477 1450 fronte
1505 1423 1596 1452 sus-

108 1483 325 1531 cepturus,
351 1484 392 1519 et
413 1478 457 1519 id
486 1478 646 1519 donare
669 1478 781 1519 vires
805 1491 924 1519 meas
947 1492 1033 1519 non
1063 1478 1305 1531 excederet,
1333 1480 1595 1522 offerendum

109 1548 223 1590 duxi.
259 1547 398 1597 Quum
429 1549 558 1601 igitur
590 1548 782 1590 Viennae
815 1549 1042 1590 nonnullas
1069 1549 1343 1591 habuerimus
1367 1551 1594 1604 orationes,

110 1633 287 1672 quarum
320 1633 430 1673 quae
464 1620 517 1661 de
552 1619 789 1662 Salvatoris
822 1620 1045 1662 nativitate
1079 1626 1158 1673 est,
1192 1627 1234 1662 et
1264 1635 1389 1674 quam
1416 1622 1595 1676 Ulysses

107 1690 418 1744 inscripsimus,
452 1696 523 1731 tuo
557 1690 727 1731 nomine
751 1689 1113 1733 circumferendas
1137 1705 1235 1733 esse
1257 1693 1419 1745 censui,
1443 1694 1597 1736 doctis-

109 1761 217 1803 simo
251 1761 363 1802 enim
397 1775 449 1803 ac
481 1761 788 1803 humanissimo
834 1761 1029 1803 Praesuli
1062 1763 1165 1804 nihil
1199 1763 1395 1805 accidere
1434 1765 1595 1817 gratius

112 1832 217 1873 nihil
248 1832 474 1874 iucundius
508 1833 774 1885 arbitramur,
815 1847 942 1886 quam
974 1835 1218 1888 perspicere
1253 1848 1299 1876 se
1333 1848 1358 1876 a
1389 1835 1595 1877 bonarum

110 1904 262 1944 artium
295 1904 581 1945 sectatoribus
615 1905 745 1946 talem
777 1904 941 1957 haberi,
977 1905 1146 1958 qualem
1181 1918 1277 1947 sese
1299 1906 1392 1960 ipse
1427 1919 1597 1961 semper

107 1975 372 2028 praestiterit
404 1981 532 2028 atque
567 1989 666 2017 esse
689 1977 949 2030 cognoverit,
982 1976 1183 2018 videlicet
1206 1977 1427 2031 egregium
1451 1977 1594 2020 docto-

107 2059 200 2086 rum
233 2052 460 2100 patronum
494 2053 535 2087 et
569 2047 770 2089 virtutum
803 2047 989 2088 omnium
1021 2047 1232 2089 fautorem
1264 2049 1491 2090 maximum
1518 2082 1524 2089 .
1550 2083 1558 2091 .
1584 2084 1592 2091 .

107 2116 225 2158 Vale.
258 2117 323 2158 Ex
355 2117 534 2167 Vienna,
568 2118 705 2172 pridie
738 2118 890 2159 Kalen.
925 2118 1132 2161 Octobris.
1165 2119 1357 2162 M.D.X.

406 2303 752 2340 Meohanechen
779 2304 834 2340 de
862 2314 908 2340 se
937 2304 996 2340 ad
1021 2304 1301 2341 Lectorem.1

228 2399 364 2450 Quem
397 2415 482 2442 non
514 2403 621 2443 livor
654 2402 766 2444 edax
799 2403 1027 2456 alienaque
1060 2404 1197 2456 gloria
1229 2409 1410 2457 torquet,

286 2471 489 2525 Perlegat
521 2473 631 2514 haec
664 2474 800 2515 Latiis
835 2475 1025 2516 carmina
1058 2487 1188 2515 caesa
1219 2474 1343 2516 notis.

224 2542 333 2584 Tres
365 2543 522 2585 fuimus
558 2545 662 2585 clari
697 2551 881 2599 cognato
916 2559 938 2586 e
972 2545 1183 2598 sanguine
1214 2551 1352 2597 vates,

284 2614 578 2656 Pannonicam
613 2616 783 2658 Dravus
817 2629 901 2669 qua
934 2617 1047 2669 rigat
1078 2617 1189 2657 altus
1223 2615 1405 2658 humum.

228 2727 239 2747 ¹
265 2729 300 2763 A
320 2729 538 2765 Teleki-fele
556 2731 664 2766 Ianus
683 2731 1108 2767 Pannonius—kiadasbol
1134 2733 1176 2767 II.
1195 2744 1230 2776 p.
1251 2733 1343 2773 178„
1361 2733 1404 2767 17
1408 2734 1438 2767 9.
1466 2733 1594 2767 Teleki

105 2797 140 2830 p.
171 2787 249 2822 177.
289 2792 348 2823 azt
373 2790 523 2835 mondja
548 2790 637 2832 rola,
666 2791 788 2835 hogy:
823 2794 934 2835 poeta
961 2802 1163 2835 anonymus
1195 2792 1297 2826 cuius
1324 2792 1548 2835 epitaphium
1574 2802 1594 2826 a

105 2856 128 2879 a
149 2856 189 2880 se
209 2847 292 2882 vivo
320 2848 528 2883 confectum
554 2849 674 2884 Albae
701 2850 801 2885 Iulae
827 2855 937 2894 (nunc
964 2850 1167 2893 Gai-olinae)
1195 2851 1533 2886 Transsilvanorum
1559 2851 1594 2885 in

106 2906 244 2950 templo
271 2907 397 2942 maiori
423 2909 515 2943 arcis
551 2909 627 2952 (ubi
652 2912 707 2943 tot
731 2920 869 2954 regum,
904 2910 1118 2953 principum,
1153 2914 1189 2945 et
1214 2911 1406 2945 illustrium
1438 2911 1594 2945 virorum
