<?xml version="1.0" encoding="UTF-8"?>
<!DOCTYPE html PUBLIC "-//W3C//DTD XHTML 1.0 Transitional//EN"
    "http://www.w3.org/TR/xhtml1/DTD/xhtml1-transitional.dtd">
<html xmlns="http://www.w3.org/1999/xhtml" xml:lang="en" lang="en">
 <head>
  <title>
</title>
<meta http-equiv="Content-Type" content="text/html;charset=utf-8" />
  <meta name='ocr-system' content='tesseract 3.04.00' />
  <meta name='ocr-capabilities' content='ocr_page ocr_carea ocr_par ocr_line ocrx_word'/>
</head>
<body>
  <div class='ocr_page' id='page_1' title='image "analectanovaadhi00beuoft_0010.png"; bbox 0 0 1903 3340; ppageno 0'>
   <div class='ocr_carea' id='block_1_1' title="bbox 313 113 334 145">
    <p class='ocr_par' dir='ltr' id='par_1_1' title="bbox 313 113 334 145">
     <span class='ocr_line' id='line_1_1' title="bbox 313 113 334 145; baseline 0 0"><span class='ocrx_word' id='word_1_1' title='bbox 313 113 334 145; x_wconf 83' lang='lat'>4</span> 
     </span>
    </p>
   </div>
   <div class='ocr_carea' id='block_1_2' title="bbox 310 256 1797 594">
    <p class='ocr_par' dir='ltr' id='par_1_2' title="bbox 310 256 1797 594">
     <span class='ocr_line' id='line_1_2' title="bbox 310 256 1795 311; baseline 0 -13"><span class='ocrx_word' id='word_1_2' title='bbox 310 270 456 311; x_wconf 81' lang='lat' dir='ltr'>regem</span> <span class='ocrx_word' id='word_1_3' title='bbox 490 257 762 310; x_wconf 75' lang='lat' dir='ltr'>Hungariae3</span> <span class='ocrx_word' id='word_1_4' title='bbox 805 257 981 310; x_wconf 74' lang='lat' dir='ltr'>Cybelei</span> <span class='ocrx_word' id='word_1_5' title='bbox 1013 257 1262 310; x_wconf 82' lang='lat' dir='ltr'>opuseulum</span> <span class='ocrx_word' id='word_1_6' title='bbox 1298 256 1351 297; x_wconf 89' lang='lat' dir='ltr'>de</span> <span class='ocrx_word' id='word_1_7' title='bbox 1384 256 1583 298; x_wconf 78' lang='lat' dir='ltr'>laudibus</span> <span class='ocrx_word' id='word_1_8' title='bbox 1617 263 1657 298; x_wconf 91' lang='lat' dir='ltr'>et</span> <span class='ocrx_word' id='word_1_9' title='bbox 1691 257 1795 299; x_wconf 85' lang='lat' dir='ltr'>vitu—</span> 
     </span>
     <span class='ocr_line' id='line_1_3' title="bbox 312 327 1795 382; baseline 0 -13"><span class='ocrx_word' id='word_1_10' title='bbox 312 328 428 382; x_wconf 89' lang='lat' dir='ltr'>perio</span> <span class='ocrx_word' id='word_1_11' title='bbox 462 328 546 369; x_wconf 86' lang='lat' dir='ltr'>vini</span> <span class='ocrx_word' id='word_1_12' title='bbox 580 334 621 368; x_wconf 89' lang='lat' dir='ltr'>et</span> <span class='ocrx_word' id='word_1_13' title='bbox 654 341 818 380; x_wconf 86' lang='lat' dir='ltr'>aquae;</span> <span class='ocrx_word' id='word_1_14' title='bbox 852 328 1021 368; x_wconf 87' lang='lat' dir='ltr'>Martini</span> <span class='ocrx_word' id='word_1_15' title='bbox 1053 327 1297 368; x_wconf 62' lang='lat' dir='ltr'>&#39;I&#39;irnaviniz</span> <span class='ocrx_word' id='word_1_16' title='bbox 1341 327 1520 369; x_wconf 84' lang='lat' dir='ltr'>Carmen</span> <span class='ocrx_word' id='word_1_17' title='bbox 1553 327 1795 382; x_wconf 83' lang='lat' dir='ltr'>paraeneti-</span> 
     </span>
     <span class='ocr_line' id='line_1_4' title="bbox 312 398 1797 452; baseline -0.001 -12"><span class='ocrx_word' id='word_1_18' title='bbox 312 412 405 440; x_wconf 78' lang='lat' dir='ltr'>eum</span> <span class='ocrx_word' id='word_1_19' title='bbox 427 399 688 440; x_wconf 87' lang='lat' dir='ltr'>rarissimum</span> <span class='ocrx_word' id='word_1_20' title='bbox 713 398 767 440; x_wconf 86' lang='lat' dir='ltr'>ad</span> <span class='ocrx_word' id='word_1_21' title='bbox 790 399 911 452; x_wconf 82' lang='lat' dir='ltr'>regni</span> <span class='ocrx_word' id='word_1_22' title='bbox 928 399 1176 451; x_wconf 80' lang='lat' dir='ltr'>Hungariae</span> <span class='ocrx_word' id='word_1_23' title='bbox 1194 412 1395 452; x_wconf 79' lang='lat' dir='ltr'>proceres</span> <span class='ocrx_word' id='word_1_24' title='bbox 1419 406 1462 440; x_wconf 85' lang='lat' dir='ltr'>et</span> <span class='ocrx_word' id='word_1_25' title='bbox 1479 399 1797 440; x_wconf 88' lang='lat' dir='ltr'>Bartholomaei</span> 
     </span>
     <span class='ocr_line' id='line_1_5' title="bbox 310 469 1796 523; baseline 0.001 -13"><span class='ocrx_word' id='word_1_26' title='bbox 310 470 543 510; x_wconf 85' lang='lat' dir='ltr'>Pannonii:</span> <span class='ocrx_word' id='word_1_27' title='bbox 579 470 827 511; x_wconf 80' lang='lat' dir='ltr'>Commedia</span> <span class='ocrx_word' id='word_1_28' title='bbox 863 470 1033 523; x_wconf 70' lang='lat' dir='ltr'>Gryllus</span> <span class='ocrx_word' id='word_1_29' title='bbox 1068 476 1109 511; x_wconf 89' lang='lat' dir='ltr'>et</span> <span class='ocrx_word' id='word_1_30' title='bbox 1142 470 1352 523; x_wconf 77' lang='lat' dir='ltr'>Dialogus</span> <span class='ocrx_word' id='word_1_31' title='bbox 1385 470 1494 511; x_wconf 88' lang='lat' dir='ltr'>inter</span> <span class='ocrx_word' id='word_1_32' title='bbox 1519 469 1796 523; x_wconf 80' lang='lat' dir='ltr'>Vigilantiam</span> 
     </span>
     <span class='ocr_line' id='line_1_6' title="bbox 310 541 790 594; baseline 0.002 -13"><span class='ocrx_word' id='word_1_33' title='bbox 310 547 352 581; x_wconf 88' lang='lat' dir='ltr'>et</span> <span class='ocrx_word' id='word_1_34' title='bbox 384 541 636 594; x_wconf 79' lang='lat' dir='ltr'><strong>Torporem.</strong></span> <span class='ocrx_word' id='word_1_35' title='bbox 670 541 790 582; x_wconf 81' lang='lat' dir='ltr'>Heu!</span> 
     </span>
    </p>
   </div>
   <div class='ocr_carea' id='block_1_3' title="bbox 662 649 1459 769">
    <p class='ocr_par' dir='ltr' id='par_1_3' title="bbox 662 649 1459 769">
     <span class='ocr_line' id='line_1_7' title="bbox 662 649 1393 697; baseline 0.003 -12"><span class='ocrx_word' id='word_1_36' title='bbox 662 650 833 686; x_wconf 81' lang='lat' dir='ltr'>Fortuna</span> <span class='ocrx_word' id='word_1_37' title='bbox 867 660 984 686; x_wconf 86' lang='lat' dir='ltr'>saevo</span> <span class='ocrx_word' id='word_1_38' title='bbox 1016 649 1119 686; x_wconf 81' lang='lat' dir='ltr'>laeta</span> <span class='ocrx_word' id='word_1_39' title='bbox 1151 650 1319 697; x_wconf 66' lang='lat' dir='ltr'>negotio,</span> <span class='ocrx_word' id='word_1_40' title='bbox 1355 653 1393 687; x_wconf 89' lang='lat' dir='ltr'>et</span> 
     </span>
     <span class='ocr_line' id='line_1_8' title="bbox 664 719 1459 769; baseline 0.001 -13"><span class='ocrx_word' id='word_1_41' title='bbox 664 719 815 757; x_wconf 88' lang='lat' dir='ltr'>Ludum</span> <span class='ocrx_word' id='word_1_42' title='bbox 848 720 1079 757; x_wconf 75' lang='lat' dir='ltr'>insolentem</span> <span class='ocrx_word' id='word_1_43' title='bbox 1103 720 1236 758; x_wconf 88' lang='lat' dir='ltr'>ludere</span> <span class='ocrx_word' id='word_1_44' title='bbox 1260 722 1459 769; x_wconf 77' lang='lat' dir='ltr'>pertinax!</span> 
     </span>
    </p>
   </div>
   <div class='ocr_carea' id='block_1_4' title="bbox 306 824 1799 1736">
    <p class='ocr_par' dir='ltr' id='par_1_4' title="bbox 306 824 1799 1366">
     <span class='ocr_line' id='line_1_9' title="bbox 309 824 1797 880; baseline 0.001 -15"><span class='ocrx_word' id='word_1_45' title='bbox 309 824 415 865; x_wconf 87' lang='lat' dir='ltr'>Fere</span> <span class='ocrx_word' id='word_1_46' title='bbox 462 824 614 866; x_wconf 89' lang='lat' dir='ltr'>eodem</span> <span class='ocrx_word' id='word_1_47' title='bbox 647 831 839 880; x_wconf 87' lang='lat' dir='ltr'>tempore</span> <span class='ocrx_word' id='word_1_48' title='bbox 874 826 1124 867; x_wconf 74' lang='lat' dir='ltr'>adhortatur</span> <span class='ocrx_word' id='word_1_49' title='bbox 1168 826 1374 867; x_wconf 88' lang='lat' dir='ltr'>Martinus</span> <span class='ocrx_word' id='word_1_50' title='bbox 1414 826 1670 868; x_wconf 85' lang='lat' dir='ltr'>Tirnavinus</span> <span class='ocrx_word' id='word_1_51' title='bbox 1702 839 1797 880; x_wconf 88' lang='lat' dir='ltr'>pro-</span> 
     </span>
     <span class='ocr_line' id='line_1_10' title="bbox 309 896 1797 951; baseline 0.001 -15"><span class='ocrx_word' id='word_1_52' title='bbox 309 909 444 945; x_wconf 77' lang='lat' dir='ltr'>ceres,</span> <span class='ocrx_word' id='word_1_53' title='bbox 477 902 522 936; x_wconf 90' lang='lat' dir='ltr'>ut</span> <span class='ocrx_word' id='word_1_54' title='bbox 556 902 704 938; x_wconf 81' lang='lat' dir='ltr'>eontra</span> <span class='ocrx_word' id='word_1_55' title='bbox 740 898 904 938; x_wconf 84' lang='lat' dir='ltr'>Tureos</span> <span class='ocrx_word' id='word_1_56' title='bbox 936 897 1094 938; x_wconf 90' lang='lat' dir='ltr'>bellum</span> <span class='ocrx_word' id='word_1_57' title='bbox 1130 897 1412 951; x_wconf 71' lang='lat' dir='ltr'>susciperent,</span> <span class='ocrx_word' id='word_1_58' title='bbox 1459 911 1541 950; x_wconf 88' lang='lat' dir='ltr'>quo</span> <span class='ocrx_word' id='word_1_59' title='bbox 1574 896 1797 938; x_wconf 87' lang='lat' dir='ltr'>Bartholo-</span> 
     </span>
     <span class='ocr_line' id='line_1_11' title="bbox 308 967 1797 1022; baseline 0.001 -15"><span class='ocrx_word' id='word_1_60' title='bbox 308 979 456 1008; x_wconf 86' lang='lat' dir='ltr'>maeus</span> <span class='ocrx_word' id='word_1_61' title='bbox 502 968 751 1009; x_wconf 90' lang='lat' dir='ltr'>Pannonius</span> <span class='ocrx_word' id='word_1_62' title='bbox 798 967 1029 1021; x_wconf 83' lang='lat' dir='ltr'>Dialogum</span> <span class='ocrx_word' id='word_1_63' title='bbox 1081 968 1225 1009; x_wconf 81' lang='lat' dir='ltr'>soribit</span> <span class='ocrx_word' id='word_1_64' title='bbox 1277 968 1387 1009; x_wconf 87' lang='lat' dir='ltr'>inter</span> <span class='ocrx_word' id='word_1_65' title='bbox 1431 968 1707 1022; x_wconf 83' lang='lat' dir='ltr'>Vigilantiam</span> <span class='ocrx_word' id='word_1_66' title='bbox 1756 975 1797 1009; x_wconf 86' lang='lat' dir='ltr'>et</span> 
     </span>
     <span class='ocr_line' id='line_1_12' title="bbox 309 1038 1798 1094; baseline 0.001 -16"><span class='ocrx_word' id='word_1_67' title='bbox 309 1038 566 1092; x_wconf 80' lang='lat' dir='ltr'>Torporem!</span> <span class='ocrx_word' id='word_1_68' title='bbox 623 1039 854 1093; x_wconf 82' lang='lat' dir='ltr'>Vigilantia</span> <span class='ocrx_word' id='word_1_69' title='bbox 909 1039 1058 1090; x_wconf 71' lang='lat' dir='ltr'>defuit,</span> <span class='ocrx_word' id='word_1_70' title='bbox 1113 1040 1280 1094; x_wconf 87' lang='lat' dir='ltr'>Torpor</span> <span class='ocrx_word' id='word_1_71' title='bbox 1330 1040 1500 1093; x_wconf 77' lang='lat' dir='ltr'>subegit</span> <span class='ocrx_word' id='word_1_72' title='bbox 1546 1040 1711 1080; x_wconf 87' lang='lat' dir='ltr'>animos</span> <span class='ocrx_word' id='word_1_73' title='bbox 1757 1046 1798 1080; x_wconf 80' lang='lat' dir='ltr'>et</span> 
     </span>
     <span class='ocr_line' id='line_1_13' title="bbox 308 1109 1796 1163; baseline 0 -13"><span class='ocrx_word' id='word_1_74' title='bbox 308 1109 530 1163; x_wconf 78' lang='lat' dir='ltr'>Hungaria</span> <span class='ocrx_word' id='word_1_75' title='bbox 574 1110 871 1152; x_wconf 85' lang='lat' dir='ltr'>funestissima</span> <span class='ocrx_word' id='word_1_76' title='bbox 906 1111 1029 1152; x_wconf 77' lang='lat' dir='ltr'>clade</span> <span class='ocrx_word' id='word_1_77' title='bbox 1063 1111 1312 1152; x_wconf 84' lang='lat' dir='ltr'>servitutem</span> <span class='ocrx_word' id='word_1_78' title='bbox 1358 1111 1499 1152; x_wconf 89' lang='lat' dir='ltr'>subire</span> <span class='ocrx_word' id='word_1_79' title='bbox 1533 1116 1684 1152; x_wconf 80' lang='lat' dir='ltr'>coacta</span> <span class='ocrx_word' id='word_1_80' title='bbox 1719 1114 1796 1152; x_wconf 84' lang='lat' dir='ltr'>est.</span> 
     </span>
     <span class='ocr_line' id='line_1_14' title="bbox 307 1180 1798 1234; baseline 0.001 -14"><span class='ocrx_word' id='word_1_81' title='bbox 307 1180 520 1222; x_wconf 89' lang='lat' dir='ltr'>Imminuit</span> <span class='ocrx_word' id='word_1_82' title='bbox 542 1195 640 1234; x_wconf 73' lang='lat' dir='ltr'>nox,</span> <span class='ocrx_word' id='word_1_83' title='bbox 665 1194 774 1234; x_wconf 82' lang='lat' dir='ltr'>quae</span> <span class='ocrx_word' id='word_1_84' title='bbox 808 1182 969 1223; x_wconf 88' lang='lat' dir='ltr'>lumina</span> <span class='ocrx_word' id='word_1_85' title='bbox 990 1182 1225 1223; x_wconf 85' lang='lat' dir='ltr'>litterarum</span> <span class='ocrx_word' id='word_1_86' title='bbox 1249 1182 1447 1223; x_wconf 85' lang='lat' dir='ltr'>obruerat</span> <span class='ocrx_word' id='word_1_87' title='bbox 1470 1194 1606 1234; x_wconf 90' lang='lat' dir='ltr'>eoque</span> <span class='ocrx_word' id='word_1_88' title='bbox 1639 1181 1798 1222; x_wconf 83' lang='lat' dir='ltr'>maiore</span> 
     </span>
     <span class='ocr_line' id='line_1_15' title="bbox 308 1251 1799 1307; baseline 0 -14"><span class='ocrx_word' id='word_1_89' title='bbox 308 1251 469 1305; x_wconf 86' lang='lat' dir='ltr'>pietate</span> <span class='ocrx_word' id='word_1_90' title='bbox 503 1254 801 1307; x_wconf 88' lang='lat' dir='ltr'>prosequimur</span> <span class='ocrx_word' id='word_1_91' title='bbox 825 1260 1025 1305; x_wconf 68' lang='lat' dir='ltr'>aetatem,</span> <span class='ocrx_word' id='word_1_92' title='bbox 1051 1253 1104 1294; x_wconf 86' lang='lat' dir='ltr'>de</span> <span class='ocrx_word' id='word_1_93' title='bbox 1128 1267 1212 1306; x_wconf 84' lang='lat' dir='ltr'>qua</span> <span class='ocrx_word' id='word_1_94' title='bbox 1238 1253 1458 1307; x_wconf 86' lang='lat' dir='ltr'>Eugenius</span> <span class='ocrx_word' id='word_1_95' title='bbox 1478 1253 1588 1294; x_wconf 86' lang='lat' dir='ltr'>Abel</span> <span class='ocrx_word' id='word_1_96' title='bbox 1610 1252 1653 1293; x_wconf 90' lang='lat' dir='ltr'>in</span> <span class='ocrx_word' id='word_1_97' title='bbox 1675 1265 1799 1306; x_wconf 81' lang='lat' dir='ltr'>prae-</span> 
     </span>
     <span class='ocr_line' id='line_1_16' title="bbox 306 1323 1531 1366; baseline 0.002 -3"><span class='ocrx_word' id='word_1_98' title='bbox 306 1323 467 1365; x_wconf 86' lang='lat' dir='ltr'>fatione</span> <span class='ocrx_word' id='word_1_99' title='bbox 503 1324 558 1365; x_wconf 90' lang='lat' dir='ltr'>ad</span> <span class='ocrx_word' id='word_1_100' title='bbox 593 1326 803 1366; x_wconf 82' lang='lat' dir='ltr'>Analecta</span> <span class='ocrx_word' id='word_1_101' title='bbox 837 1338 916 1366; x_wconf 89' lang='lat' dir='ltr'>sua</span> <span class='ocrx_word' id='word_1_102' title='bbox 948 1325 1186 1366; x_wconf 86' lang='lat' dir='ltr'>futurorum</span> <span class='ocrx_word' id='word_1_103' title='bbox 1220 1324 1330 1365; x_wconf 87' lang='lat' dir='ltr'>fidus</span> <span class='ocrx_word' id='word_1_104' title='bbox 1363 1324 1531 1366; x_wconf 79' lang='lat' dir='ltr'>scribit:</span> 
     </span>
    </p>

    <p class='ocr_par' dir='ltr' id='par_1_5' title="bbox 306 1395 1799 1650">
     <span class='ocr_line' id='line_1_17' title="bbox 430 1395 1798 1450; baseline 0 -14"><span class='ocrx_word' id='word_1_105' title='bbox 430 1395 549 1444; x_wconf 78' lang='lat' dir='ltr'>„Non</span> <span class='ocrx_word' id='word_1_106' title='bbox 584 1395 767 1450; x_wconf 89' lang='lat' dir='ltr'>despero</span> <span class='ocrx_word' id='word_1_107' title='bbox 801 1396 990 1437; x_wconf 87' lang='lat' dir='ltr'>futurum</span> <span class='ocrx_word' id='word_1_108' title='bbox 1024 1409 1136 1447; x_wconf 82' lang='lat' dir='ltr'>esse,</span> <span class='ocrx_word' id='word_1_109' title='bbox 1171 1396 1243 1449; x_wconf 87' lang='lat' dir='ltr'>qui</span> <span class='ocrx_word' id='word_1_110' title='bbox 1267 1396 1369 1437; x_wconf 82' lang='lat' dir='ltr'>lieet</span> <span class='ocrx_word' id='word_1_111' title='bbox 1402 1395 1506 1437; x_wconf 87' lang='lat' dir='ltr'>satis</span> <span class='ocrx_word' id='word_1_112' title='bbox 1538 1395 1581 1436; x_wconf 86' lang='lat' dir='ltr'>in</span> <span class='ocrx_word' id='word_1_113' title='bbox 1613 1395 1680 1436; x_wconf 81' lang='lat' dir='ltr'>his</span> <span class='ocrx_word' id='word_1_114' title='bbox 1714 1401 1798 1436; x_wconf 87' lang='lat' dir='ltr'>stu-</span> 
     </span>
     <span class='ocr_line' id='line_1_18' title="bbox 308 1464 1799 1522; baseline 0.002 -17"><span class='ocrx_word' id='word_1_115' title='bbox 308 1464 389 1506; x_wconf 86' lang='lat' dir='ltr'>diis</span> <span class='ocrx_word' id='word_1_116' title='bbox 423 1472 621 1509; x_wconf 87' lang='lat' dir='ltr'>versatus</span> <span class='ocrx_word' id='word_1_117' title='bbox 655 1468 737 1509; x_wconf 81' lang='lat' dir='ltr'>hoc</span> <span class='ocrx_word' id='word_1_118' title='bbox 773 1468 987 1509; x_wconf 86' lang='lat' dir='ltr'>volumine</span> <span class='ocrx_word' id='word_1_119' title='bbox 1020 1468 1213 1522; x_wconf 73' lang='lat' dir='ltr'>perlecto</span> <span class='ocrx_word' id='word_1_120' title='bbox 1249 1467 1443 1508; x_wconf 89' lang='lat' dir='ltr'>nonnihil</span> <span class='ocrx_word' id='word_1_121' title='bbox 1474 1467 1633 1508; x_wconf 79' lang='lat' dir='ltr'>rectius</span> <span class='ocrx_word' id='word_1_122' title='bbox 1673 1480 1799 1519; x_wconf 85' lang='lat' dir='ltr'>quam</span> 
     </span>
     <span class='ocr_line' id='line_1_19' title="bbox 306 1536 1798 1593; baseline 0.001 -15"><span class='ocrx_word' id='word_1_123' title='bbox 306 1544 436 1579; x_wconf 89' lang='lat' dir='ltr'>antea</span> <span class='ocrx_word' id='word_1_124' title='bbox 476 1537 528 1579; x_wconf 87' lang='lat' dir='ltr'>de</span> <span class='ocrx_word' id='word_1_125' title='bbox 562 1538 645 1579; x_wconf 80' lang='lat' dir='ltr'>hae</span> <span class='ocrx_word' id='word_1_126' title='bbox 692 1536 1045 1593; x_wconf 88' lang='lat' dir='ltr'>splendidissima</span> <span class='ocrx_word' id='word_1_127' title='bbox 1089 1545 1327 1580; x_wconf 84' lang='lat' dir='ltr'>nostrarum</span> <span class='ocrx_word' id='word_1_128' title='bbox 1372 1538 1607 1579; x_wconf 86' lang='lat' dir='ltr'>litterarum</span> <span class='ocrx_word' id='word_1_129' title='bbox 1654 1544 1798 1580; x_wconf 85' lang='lat' dir='ltr'>aetate</span> 
     </span>
     <span class='ocr_line' id='line_1_20' title="bbox 306 1608 698 1650; baseline 0.003 -1"><span class='ocrx_word' id='word_1_130' title='bbox 306 1608 570 1650; x_wconf 77' lang='lat' dir='ltr'>iudicaturus</span> <span class='ocrx_word' id='word_1_131' title='bbox 605 1609 698 1650; x_wconf 85' lang='lat' dir='ltr'>sit.“</span> 
     </span>
    </p>

    <p class='ocr_par' dir='ltr' id='par_1_6' title="bbox 422 1679 1795 1736">
     <span class='ocr_line' id='line_1_21' title="bbox 422 1679 1795 1736; baseline 0.003 -16"><span class='ocrx_word' id='word_1_132' title='bbox 422 1680 592 1721; x_wconf 88' lang='lat' dir='ltr'>Dabam</span> <span class='ocrx_word' id='word_1_133' title='bbox 626 1681 925 1736; x_wconf 76' lang='lat' dir='ltr'>Budapestini,</span> <span class='ocrx_word' id='word_1_134' title='bbox 960 1681 1028 1723; x_wconf 89' lang='lat' dir='ltr'>die</span> <span class='ocrx_word' id='word_1_135' title='bbox 1062 1681 1177 1723; x_wconf 90' lang='lat' dir='ltr'><strong>XIII.</strong></span> <span class='ocrx_word' id='word_1_136' title='bbox 1202 1681 1362 1723; x_wconf 88' lang='lat' dir='ltr'>mensis</span> <span class='ocrx_word' id='word_1_137' title='bbox 1386 1681 1643 1724; x_wconf 79' lang='lat' dir='ltr'>Novembris</span> <span class='ocrx_word' id='word_1_138' title='bbox 1669 1679 1795 1724; x_wconf 72' lang='grc'><strong>1902.</strong></span> 
     </span>
    </p>
   </div>
  </div>
 </body>
</html>
