1955 3278
80 278 149 312 255

81 632 151 666 260

85 986 154 1020 265

85 1341 154 1375 270

87 1697 156 1731 275

91 2052 161 2088 280

92 2407 161 2442 285

94 2761 164 2795 290

1495 121 1563 158 333

227 268 431 309 Maiestas
464 267 741 322 probitasque
774 266 907 319 ducis,
942 267 1146 309 mirabilis
1181 273 1298 309 ext-at

230 338 275 380 Si
306 339 423 380 visus
456 351 533 392 per
564 338 754 379 membra
785 337 914 388 feras,
949 352 1086 391 genus
1115 352 1212 380 esse
1236 339 1423 381 tonantis

229 409 336 450 Tale
370 409 509 450 animo
543 421 716 450 versare
750 414 887 462 pot-es,
922 421 1106 461 seseque
1139 409 1367 450 videndum

229 479 412 521 Indulsit
444 480 650 530 Romane,
683 479 773 530 tibi,
808 492 890 531 quo
925 486 1099 532 pectore
1132 494 1310 533 pressus

232 550 418 604 Corpore
452 563 533 603 quo
568 550 707 601 simili,
742 563 824 603 quo
857 550 1010 591 robore
1044 551 1233 603 gaudeat
1266 552 1334 592 ille

230 620 313 663 Ore
336 627 504 674 potens,
526 621 758 673 hartusque
777 618 820 673 (1)
844 633 1029 673 suosque
1050 621 1220 663 inmane
1244 623 1444 675 resignet.

232 691 513 742 Conveniunt,
547 690 724 744 regique
758 691 852 744 pias
887 691 960 732 dat
992 692 1117 733 turba
1150 693 1325 733 salutes.

229 762 349 804 Alter
381 761 515 803 Cesar
547 775 640 813 ave,
674 775 808 815 pavor
839 763 993 816 ingens
1026 762 1220 804 hostibus
1254 776 1377 806 unus,

231 833 368 883 Quam
402 832 583 874 devotus
611 832 730 883 ades,
765 846 889 886 quam
914 839 956 874 te
979 847 1103 875 sacra
1135 835 1308 875 numina
1330 835 1447 876 vultu

230 904 471 958 Excipiunt,
506 910 714 957 gratoque
747 910 932 945 tremunt
961 904 1231 958 hilarantque
1254 905 1428 947 deorum

236 975 427 1017 Concilia
459 982 638 1028 aspectu
670 974 810 1015 rident
843 982 885 1016 et
919 975 1063 1016 sidera
1096 977 1188 1017 celo

230 1046 379 1100 Ignea,
413 1059 508 1087 cum
540 1046 638 1087 letis
671 1045 897 1087 demittunt
929 1046 1108 1088 fulmina
1142 1043 1276 1101 signis

231 1118 285 1158 Et
319 1118 476 1171 superi,
511 1123 748 1158 monstrant
780 1117 873 1170 regi
906 1119 1128 1171 surgentia
1159 1119 1263 1160 fata.

231 1189 390 1242 Tarpei
422 1188 582 1229 fulsere
615 1189 739 1242 ignes
773 1195 814 1229 et
846 1189 990 1230 iuncta
1022 1198 1193 1231 monete

235 1260 417 1313 Templa
448 1259 550 1311 Iovi,
585 1266 704 1307 caste
737 1260 897 1313 pariter
930 1260 1156 1302 simulacra
1189 1261 1375 1302 Minerve

235 1331 339 1372 Cum
370 1331 542 1372 veneris
574 1330 689 1382 fano,
724 1330 838 1383 quod
871 1337 1040 1384 spectat
1074 1331 1262 1373 Castoris
1295 1331 1427 1373 aedes

232 1402 407 1453 Fratris,
442 1407 485 1442 et
515 1401 673 1455 Elysiis
705 1408 924 1443 sumentes
960 1401 1144 1443 Sedibus
1177 1403 1304 1444 horas

233 1473 401 1515 Iuribus
435 1472 624 1524 alternis,
659 1472 793 1514 sensit
826 1479 887 1514 tot
919 1473 1080 1526 gaudia
1111 1474 1232 1523 liber,

234 1544 524 1596 Intonsusque
557 1557 676 1597 puer,
711 1543 824 1585 docti
857 1544 927 1597 qui
961 1550 1076 1585 serta
1109 1545 1266 1586 colossi

233 1614 449 1666 Possidet,
470 1615 584 1656 unde
608 1614 688 1656 fori
709 1621 982 1656 monumenta
1004 1616 1198 1669 Augusta
1221 1615 1453 1657 manebant

237 1685 465 1738 Grandius,
499 1699 550 1728 ac
582 1686 709 1727 tellus
741 1686 988 1740 pharetrate
1021 1687 1214 1740 proxima
1247 1686 1351 1737 sedi,

235 1757 514 1810 Aduceteque
528 1754 820 1811 [Advecteque
830 1755 866 1811 52]
885 1757 1151 1811 dee‚Phrigii
1166 1758 1219 1799 de
1234 1757 1427 1811 partibus
1444 1756 1571 1808 orbis,

237 1829 352 1870 Mille
386 1829 514 1870 etiam
549 1828 710 1882 speties
743 1835 911 1882 septem
944 1829 997 1869 de
1029 1829 1188 1871 vertice
1222 1835 1387 1870 montes

238 1899 392 1948 Letitie
427 1899 613 1940 tribuere
647 1911 736 1951 suc,
770 1906 1025 1953 tempusque
1058 1900 1216 1953 lapillis

238 1970 471 2024 signarunt
493 1970 702 2021 Thetidis,
726 1977 963 2011 memorant
985 1971 1242 2024 geniumque
1264 1983 1494 2025 perennem

239 2042 319 2083 Hic
350 2041 555 2093 habitum,
590 2048 860 2093 mentemque
895 2042 1063 2082 emissis
1096 2048 1212 2082 astra
1244 2042 1415 2083 favillis.

237 2113 328 2155 Hoc
362 2113 475 2154 dicto
506 2113 706 2167 plausum
739 2112 955 2165 excipiunt
988 2119 1030 2153 et
1062 2112 1117 2153 ad
1150 2113 1258 2153 atria
1289 2113 1418 2166 longa

238 2184 492 2238 Hesperiam
527 2183 686 2225 ducunt
720 2184 925 2234 sobolem,
959 2183 1177 2226 succedite
1211 2184 1336 2225 tectis

238 2255 293 2296 Hi
324 2255 514 2296 referunt
546 2255 718 2303 nostris,
751 2255 861 2296 Aula
894 2255 991 2296 dum
1023 2256 1141 2296 lauta
1172 2262 1377 2309 parantur

240 2326 394 2380 Regali
426 2326 651 2378 medioque
685 2327 780 2367 loco
813 2326 1008 2367 convivia
1040 2333 1229 2367 cernunt.

242 2397 429 2447 Querere
463 2398 725 2438 constituunt
756 2397 885 2438 variis
920 2397 1120 2439 distincta
1152 2397 1298 2450 figuris

241 2467 558 2522 Phydiacisque
592 2468 704 2509 notis
738 2469 843 2509 scito
876 2468 1053 2521 vigilata
1084 2468 1248 2521 Myroni

240 2539 366 2591 Aera,
399 2539 545 2580 trabes
577 2539 718 2581 fulvas
752 2546 793 2580 et
826 2540 1010 2580 culmina
1041 2539 1161 2592 regia
1194 2540 1377 2580 lustrant

241 2609 437 2661 Maiores,
472 2610 702 2663 digitisque
736 2611 851 2651 iuvat
885 2610 1132 2663 contingere
1165 2623 1370 2663 gemmas,

245 2680 594 2734 Chrysolitosque
629 2681 794 2732 domus,
828 2681 1171 2733 Policleteosque
1205 2681 1383 2722 colores,

242 2751 479 2804 Piseasque
512 2765 677 2803 manus,
713 2758 755 2793 et
786 2766 885 2793 rasa
917 2752 1086 2792 theatra
1118 2751 1275 2793 labore.

244 2822 429 2864 Artificis
462 2824 580 2865 vivos
613 2823 770 2877 paphie
805 2823 1012 2876 spirantia
1044 2823 1197 2864 vultus.

246 2892 327 2942 Qui
359 2894 527 2947 gemine
561 2894 696 2948 pretio
729 2894 1014 2948 pulcherrima
1046 2893 1238 2935 vendidit
1270 2908 1343 2935 ora
