1955 3278
1507 169 1574 201 127

89 317 350 354 correctores
370 324 466 353 esse
486 311 754 361 deberemus,
774 310 915 351 aliena
933 310 1172 363 diripiendo
1195 312 1266 363 qui
1284 311 1379 352 aliis
1402 312 1576 365 propria

89 383 190 424 dare
224 381 493 433 deberemus,
529 381 730 423 dissidias
765 387 806 422 et
839 381 1082 422 inimicitias
1114 382 1224 422 inter
1245 382 1341 423 illos
1374 382 1574 423 faciendo

89 467 140 495 ac
161 453 427 505 seminando,
453 466 558 505 quos
579 453 623 493 in
646 465 834 493 amorem
858 458 901 492 et
923 452 1195 496 concordiam
1219 452 1420 494 inducere
1445 453 1574 494 debe-

88 537 242 574 remus,
276 524 320 564 in
351 524 509 565 fastum
552 530 594 564 et
633 523 878 577 superbiam
917 535 996 564 nos
1036 523 1285 575 attollendo,
1324 525 1393 576 qui
1431 531 1575 565 tamen

90 594 246 637 Christi
277 595 449 635 humilis
483 600 525 635 et
557 593 760 648 pauperis
782 606 833 634 30
858 593 1149 647 apostolorum
1177 607 1453 636 successores
1477 609 1574 636 esse

89 666 356 707 deberemus.
402 665 503 706 Illos
537 664 722 717 denique
756 664 867 705 male
902 670 943 705 et
976 665 1173 717 nequiter
1204 665 1434 715 irridendo,
1470 679 1575 717 quos

88 736 302 777 humiliter
328 736 594 777 continenter
621 741 663 776 et
684 735 825 776 sobrie
854 735 997 776 vivere
1023 736 1322 789 conspicimus,
1345 736 1472 777 immo
1495 749 1576 777 nec

88 807 216 848 vitam
250 819 331 848 nec
373 806 607 848 doctrinam
656 805 914 859 quandoque
961 804 1074 859 (plus
1108 807 1221 847 enim
1261 807 1575 848 comoediarum

89 890 214 930 quam
249 877 569 931 evangeliorum
614 884 656 918 et
688 877 991 931 prophetarum
1035 876 1164 917 lectio
1210 877 1265 918 ad
1311 878 1575 919 stomachum

88 948 204 1000 facit,
239 954 281 990 et
312 961 396 990 11011
429 949 580 990 librum
615 948 694 990 sed
726 949 905 989 liberum
939 962 1034 990 cum
1071 948 1217 989 maiori
1251 962 1421 1002 semper
1454 948 1576 1001 desy—

89 1020 205 1061 derio
229 1033 279 1061 ac
301 1020 458 1061 affectu
482 1017 733 1072 tractamus)
767 1026 939 1073 praeter
965 1033 1119 1060 nomen
1142 1025 1183 1060 et
1206 1019 1397 1061 ordinem
1421 1020 1575 1060 sancti·
1594 1018 1789 1078 comttedias

87 1090 188 1132 tatis
220 1103 272 1132 ac
305 1090 541 1132 sacerdotis
586 1090 748 1131 habere
783 1089 1055 1132 dinoscimur.
1103 1091 1156 1131 Et
1188 1090 1231 1131 id
1265 1090 1391 1131 etiam
1429 1104 1575 1132 sacer·
1634 1075 1740 1161 ἓξὲξ

89 1161 250 1203 (101111111
272 1161 447 1215 indigne
468 1167 809 1215 praesumentes,
832 1160 930 1201 dum
954 1174 1109 1202 nomen
1133 1161 1292 1202 domini
1313 1161 1574 1215 despicimus
1604 1175 1778 1213 prophetas

87 1232 262 1286 indigne
305 1232 360 1273 ad
395 1233 529 1273 altare
575 1232 825 1273 accedendo
870 1238 911 1273 et
950 1246 1106 1286 panem
1152 1238 1355 1285 quantum
1401 1232 1456 1274 ad
1497 1246 1574 1273 nos
1618 1228 1762 1267 legimus.

88 1303 294 1357 pollutum
340 1303 572 1345 offerendo.
620 1303 729 1345 Hinc
763 1310 828 1344 631
871 1303 985 1356 (111οᾶ
1019 1303 1305 1345 sacerdotium
1352 1303 1576 1357 despectui

88 1374 237 1416 haberi
271 1375 413 1428 caepit
444 1375 535 1416 fere
570 1375 623 1415 ab
658 1375 853 1416 omnibus
875 1380 916 1415 61
938 1375 999 1415 1111
1032 1375 1159 1415 6113111
1194 1377 1263 1427 qui
1296 1388 1373 1428 per
1399 1383 1576 1416 sanctae

88 1445 202 1486 vitae
248 1446 539 1499 operationem
587 1446 801 1487 Christum
835 1453 877 1487 et
909 1447 1130 1499 apostolos
1177 1459 1411 1498 eorumque
1449 1446 1576 1487 docu-

89 1523 234 1557 menta
264 1523 498 1569 sequuntur
529 1516 711 1558 ludibrio
745 1524 786 1558 et
810 1517 851 1557 in
877 1516 1062 1558 derisum
1096 1523 1378 1571 exponantur,
1401 1530 1575 1570 quorum

89 1587 176 1628 vita
208 1594 250 1628 et
283 1587 478 1629 doctrina
509 1588 692 1629 maxime
733 1588 953 1629 observari
986 1588 1174 1629 deberet.
1220 1588 1328 1629 Hinc
1361 1597 1427 1629 est
1463 1587 1575 1641 quod

88 1658 216 1712 pauci
248 1659 377 1700 etiam
420 1660 503 1700 iam
538 1673 592 1700 ex
625 1659 892 1700 secularibus
938 1666 1100 1700 rectum
1146 1659 1336 1701 habeant
1375 1659 1575 1701 affectum

89 1743 173 1770 non
195 1729 321 1771 modo
354 1729 396 1770 in
425 1730 637 1771 ecclesiae
661 1730 941 1779 commodum,
977 1729 1054 1771 sed
1085 1743 1138 1770 ne
1161 1730 1331 1782 quidem
1355 1730 1410 1771 ad
1434 1730 1576 1771 divina

89 1799 232 1842 officia
266 1806 308 1841 et
333 1801 557 1842 missarum
593 1801 787 1842 solennia
816 1802 895 1842 rite
924 1801 1153 1851 audienda,
1189 1815 1281 1843 cum
1303 1801 1574 1843 sacerdotum

87 1871 171 1912 illis
204 1884 359 1913 nomen
393 1885 569 1913 exosum
603 1872 666 1914 sit.
700 1872 810 1914 Hinc
844 1878 909 1913 est
943 1872 1056 1925 quod
1089 1872 1289 1913 continue
1318 1872 1423 1913 fiant
1444 1859 1789 1942 incla-qaffggffissm

89 1943 298 1984 mationes
341 1943 383 1984 in
429 1944 602 1994 clerum,
649 1944 848 1985 continue
894 1944 936 1984 in
970 1944 1083 1985 bona
1129 1957 1274 1985 eorum
1312 1936 1758 1995 invasionessexosum

87 2020 291 2066 tanquam
337 2014 463 2055 etiam
509 2015 593 2056 illis
626 2015 791 2068 indigni
837 2021 998 2065 essent,
1041 2014 1192 2067 quibus
1237 2021 1325 2055 tam
1370 2015 1480 2056 male
1524 2029 1576 2056 ex

89 2097 294 2138 perversa
324 2085 497 2126 vivendi
530 2086 841 2127 consuetudine
875 2086 1116 2127 abutantur.
1163 2085 1251 2127 Sed
1283 2085 1396 2126 unde
1429 2085 1575 2126 haec'?

89 2154 184 2196 Non
217 2162 332 2197 certe
365 2156 538 2198 aliunde
560 2158 697 2209 magis
730 2157 813 2197 nisi
843 2157 886 2197 in
920 2163 1241 2210 extemperatae
1269 2157 1383 2198 vitae
1415 2157 1457 2197 in
1481 2157 1575 2197 cibo

90 2232 132 2266 et
164 2232 266 2279 potu
298 2228 643 2280 transgressione
664 2228 933 2281 proveniunt,
968 2227 1081 2268 unde
1102 2228 1209 2269 ratio
1238 2228 1390 2269 obruta
1423 2227 1575 2268 amitti-

88 2303 168 2348 tur,
214 2304 256 2338 et
289 2297 431 2338 odium
466 2311 549 2339 non
583 2305 669 2339 tam
707 2300 925 2341 hominum
971 2312 1096 2351 quam
1131 2299 1200 2340 dei
1233 2299 1477 2351 acquiritur.
1524 2299 1576 2339 Hi
1635 2324 1721 2353 Inter

90 2368 214 2417 enim,
248 2374 295 2409 ut
326 2369 472 2410 scribit
516 2369 802 2422 Hieronymus
836 2377 877 2411 et
911 2369 1094 2410 habetur
1136 2370 1179 2410 in
1214 2370 1399 2411 decretis
1440 2370 1575 2411 eccle·
1606 2375 1718 2413 epulas
1740 2379 1772 2406 et

90 2438 289 2489 siasticis,
336 2438 541 2481 deliciciis
587 2439 817 2481 affluentes
864 2446 904 2481 et
944 2441 1054 2481 inter
1099 2441 1250 2494 epulas
1296 2446 1337 2481 et
1375 2440 1575 2481 lascivias
1602 2428 1760 2510 7¹³5&ae

88 2508 337 2562 pudicitiam
371 2523 544 2551 servare
578 2511 771 2552 credunt.
806 2512 861 2552 At
882 2511 1160 2565 propheticus
1185 2525 1322 2552 sermo
1357 2484 1780 2563 (16301111111μὲρὲίᾞέω

91 2579 203 2632 (111οᾰ
237 2580 435 2622 eiiciendi
469 2581 552 2621 sint
592 2581 644 2623 de
678 2583 893 2636 perversis
940 2596 1083 2623 eorum
1118 2582 1327 2633 domibus,
1375 2590 1415 2622 et
1458 2581 1790 2622 dam-diffieileest.

89 2650 244 2691 nandis
277 2651 495 2693 conviviis.
530 2653 583 2692 Et
616 2653 651 2693 si
674 2653 738 2694 vis
768 2654 889 2703 scire,
924 2666 1005 2705 quo
1041 2653 1239 2694 eiiciendi
1272 2662 1369 2694 sunt
1402 2660 1575 2706 propter

89 2721 225 2761 malas
245 2722 527 2774 cogitationes
545 2731 587 2764 et
605 2737 737 2777 opera
755 2738 845 2774 sua,
871 2725 970 2776 lege
991 2724 1282 2777 evangelium:
1308 2724 1354 2764 In
1373 2723 1576 2764 tenebras

91 2791 253 2832 scilicet
285 2794 531 2845 exteriores,
565 2794 637 2835 ubi
672 2795 748 2835 erit
771 2795 897 2836 fletus
922 2802 963 2835 et
987 2795 1141 2836 stridor
1169 2795 1370 2836 dentium.
1403 2796 1468 2834 An
1491 2807 1576 2833 non

91 2861 285 2903 confusio
310 2869 351 2904 et
376 2863 610 2917 ignominia
634 2872 699 2906 631
720 2866 869 2907 Jesum
895 2865 1140 2906 crucifixum
1163 2879 1397 2920 pauperem
1416 2872 1458 2905 et
1481 2878 1575 2905 esu-

90 2931 268 2973 rientem
289 2934 555 2986 praedicare,
576 2941 617 2976 et
639 2936 890 2977 ieiuniorum
910 2936 1147 2977 (hictrinam
1165 2937 1294 2977 farsis
1313 2936 1575 2989 corporibus,
