1898 3278
1549 165 1594 196 45

268 309 345 351 Cui
371 309 545 363 juvenis
579 308 729 349 dextra
762 307 862 349 dum
894 308 1003 348 forte
1035 308 1213 349 insultat
1245 315 1287 349 et
1320 307 1448 348 armis

325 379 463 421 Iniicit
496 379 595 420 huic
626 378 800 432 rapidas
832 378 906 419 illa
938 384 1114 432 repente
1147 391 1310 419 manus.

182 450 238 492 F.
270 450 502 503 Egregium
534 462 634 491 vero
667 449 859 490 facinus:
894 462 970 502 per
1002 448 1174 489 numina
1201 448 1312 501 juro⁷

324 521 448 561 Nunc
481 533 561 573 ego
594 526 636 561 te
670 520 860 574 perdam⁷
893 532 1007 560 mors
1039 519 1241 566 violenta,
1273 519 1422 573 magis.

269 591 314 632 Si
346 590 487 632 vires1
522 591 687 645 periere
720 597 834 642 tuae,
867 590 1112 640 Francisce,
1147 589 1359 642 decorque

325 662 557 702 Aeternum
590 661 796 715 deinceps
828 662 971 702 vivere
1004 666 1046 701 te
1078 660 1248 702 faciam.

207 801 418 843 Tumulus
451 799 674 856 Maryaris
713 801 952 843 Germanae
984 801 1071 843 Pro
1106 800 1355 843 Sebastiano
1389 799 1519 855 Mago

593 872 826 915 Pannonio
859 873 1097 927 Discipulo.
1113 872 1128 894 2

361 965 489 999 Viator
514 966 673 999 Famam
699 966 885 1010 sepulchro
911 966 1125 1000 insidentem
1153 966 1352 1009 alloquitur

202 1049 246 1092 V.
280 1050 383 1100 Quis
416 1050 638 1091 tumulus?
673 1050 794 1100 Quae
827 1057 871 1091 tu
904 1051 1020 1092 vario
1055 1051 1226 1104 depicta
1259 1051 1414 1102 colore,

327 1120 400 1172 Os,
435 1134 575 1172 aures,
608 1122 797 1175 linguam
830 1122 1027 1174 maxima⁷
1062 1122 1212 1163 crebra
1244 1121 1414 1163 oculis?

176 1191 232 1234 F.
266 1192 400 1233 Fama
422 1205 574 1243 vocor3
608 1193 794 1233 tumulus
818 1193 925 1246 tegit
948 1192 1016 1233 hic
1037 1193 1123 1233 heu
1145 1192 1367 1246 Margaris⁷
1391 1193 1503 1244 olim,

328 1263 423 1312 Qua
455 1263 514 1304 nil
547 1263 762 1305 Germano
796 1264 920 1305 claris
954 1263 1056 1305 orbe
1088 1263 1178 1304 fuit.

269 1334 380 1384 Quid
402 1333 517 1374 fuit?
546 1335 672 1375 immo
694 1335 819 1375 etiam
843 1348 924 1376 nec
951 1335 1054 1385 erit;
1089 1334 1166 1376 sed
1188 1334 1369 1388 plurima
1391 1335 1433 1375 in
1456 1348 1539 1375 una

325 1404 529 1446 Interiere
562 1404 670 1446 fides
704 1410 746 1446 et
779 1405 910 1447 decor
942 1411 983 1446 et
1015 1406 1168 1459 pietas.

267 1475 378 1525 Quin
412 1476 539 1516 etiam
573 1475 769 1517 Charites
801 1475 936 1530 ipsae,
971 1475 1212 1530 prudentia,
1247 1475 1470 1528 dulcisque

325 1545 550 1587 Admixtus
585 1547 706 1588 suavi
739 1560 834 1588 cum
866 1547 1077 1600 gravitate
1110 1547 1241 1600 lepor.

267 1617 374 1658 Huic
406 1630 473 1658 me
506 1617 716 1671 praefecit
750 1618 901 1659 summi
932 1623 1134 1671 regnator
1167 1617 1350 1671 Olympi,

327 1688 556 1730 Custodem
590 1695 752 1730 tantum
785 1695 1037 1743 perpetuam
1070 1689 1261 1730 tumulto.

267 1758 451 1800 Nomina
483 1773 536 1800 ne
569 1766 763 1813 pereant⁷
798 1759 969 1813 quando
1002 1766 1064 1801 tot
1097 1760 1270 1800 numina
1301 1760 1344 1800 in
1376 1759 1451 1800 illa

326 1830 422 1872 Jam
454 1831 634 1884 periere.
671 1830 747 1872 Sat
779 1831 870 1872 hoc.
905 1831 987 1872 Dic
1018 1831 1091 1884 pia
1123 1831 1268 1881 verba,
1303 1837 1345 1872 et
1378 1830 1461 1872 abi.

192 1900 238 1942 V.
272 1901 384 1954 Ergo
417 1901 525 1943 levis
557 1907 676 1942 tanto
710 1901 842 1943 cineri
875 1902 927 1942 sit
960 1908 1074 1942 terra
1105 1901 1327 1956 precabor,

329 1971 638 2025 Spirautesque
672 1972 784 2013 ferat
816 1985 986 2025 semper
1019 1971 1096 2012 ut3
1127 1986 1233 2012 urna
1266 1985 1426 2014 crocos.

120 2180 331 2218 Achilles
369 2181 448 2216 Ph.
481 2180 684 2217 Bochius
712 2181 984 2217 Sebastiano
1012 2181 1164 2228 Magio
1193 2181 1432 2217 Pannonio
1467 2181 1504 2218 S.
1532 2181 1606 2217 Ρ.4

240 2280 443 2322 Reddidit
466 2281 744 2322 suavissimas
765 2280 867 2321 mihi
884 2281 1032 2322 literas
1055 2287 1151 2322 tuas
1170 2280 1345 2322 Gabriel
1361 2281 1432 2322 ille
1456 2281 1607 2321 utrius-

125 2364 207 2403 que
251 2357 442 2392 nostrum
488 2351 819 2401 amantissimus7
866 2365 918 2392 ex
951 2351 1105 2404 quibus
1139 2358 1343 2404 quantum
1375 2351 1607 2405 voluptatis

119 2422 363 2476 acceperim
406 2421 575 2463 facilius
621 2428 686 2463 est
723 2422 801 2463 tibi
846 2422 1088 2463 existimare
1129 2435 1255 2474 quam
1288 2422 1390 2463 mihi
1423 2423 1605 2464 scibere.

244 2584 253 2603 ¹
281 2584 376 2618 vives
404 2595 423 2618 a
450 2585 663 2619 kiadasban.
709 2584 721 2603 ²
748 2596 782 2628 p.
810 2586 888 2618 358.
933 2585 946 2604 3
971 2587 1003 2619 et
1031 2595 1051 2618 a
1077 2585 1217 2623 kiadas,
1245 2588 1284 2619 m}
1314 2584 1370 2629 (es
1397 2585 1608 2629 spircmteis-

123 2643 202 2687 que)
230 2654 250 2678 a
276 2644 400 2678 codex.
454 2644 467 2662 ⁴
494 2643 582 2678 Cod.
609 2644 888 2679 Barberinianus
914 2644 1042 2678 XXXI.
1070 2645 1125 2678 48.
1164 2646 1331 2679 tartalma
1362 2645 1608 2685 miscellanea,

124 2701 321 2747 nagyreszt
346 2702 509 2737 Achilles
535 2702 760 2737 Bochiustol.
794 2703 828 2737 A
854 2704 901 2737 mi
927 2704 1108 2744 leveliink,
1135 2704 1233 2749 mely
1257 2704 1335 2738 mas
1362 2704 1513 2738 tintaval
1538 2714 1608 2737 van

122 2762 208 2802 irva,
234 2761 324 2795 mint
350 2772 369 2795 a
396 2762 511 2795 codex
536 2763 639 2796 tobbi
665 2761 768 2797 resze
795 2762 834 2797 es
860 2761 1115 2807 valosziniileg
1153 2764 1416 2807 autographon,
1448 2761 1552 2797 miert
1576 2763 1607 2796 is

122 2820 439 2865 orthographiajat
464 2824 747 2865 megtartottam,
772 2821 835 2856 fol.
864 2822 993 2855 lma-n
1019 2833 1099 2856 van.
1130 2823 1165 2856 A
1190 2822 1284 2857 level
1307 2823 1399 2867 j0bb
1427 2821 1524 2856 szele
1551 2822 1608 2856 itt-

124 2882 178 2913 ott
202 2889 287 2924 meg
311 2878 417 2915 leven
443 2879 597 2922 seriilve,
625 2891 740 2925 egyes
768 2881 904 2914 szavak
930 2881 1180 2925 leszakadtak7
1210 2892 1300 2917 ezen
1325 2882 1499 2926 helyeket
1519 2891 1608 2925 pon·

123 2937 253 2972 tokkal
276 2938 451 2983 jel'o'ltem.
