1919 3273
1467 127 1537 161 359

57 283 128 325 Ad
171 284 349 326 eundem
394 282 539 325 divum
574 281 872 324 Vuladislaum
915 283 1073 339 Reglem
1109 283 1234 337 pium
1277 282 1462 335 foelicem
1501 285 1538 324 et

57 368 218 407 semper
248 353 455 396 invictum
501 354 684 396 Carmen
717 353 898 407 lyricum
931 369 1011 406 quo
1037 359 1164 408 poeta
1201 358 1323 409 royac
1352 353 1538 395 numina

59 424 202 477 maris,
235 430 284 467 ut
309 424 480 478 foveant
505 424 632 478 ceptis
659 424 822 479 Regjiis,
855 424 893 466 sz'
918 425 1151 480 aliquando
1175 429 1322 468 eontra
1348 424 1539 468 Twrchos

561 495 768 550 naviyare
800 495 1030 551 contigerit.

269 615 354 657 Vos
387 628 539 669 precor
570 614 725 656 fluctus
757 615 930 656 nimium
963 629 1183 669 procaces,

340 685 423 735 Qui
454 685 582 726 maris
615 686 768 727 surdas
802 686 974 739 quatitis
1007 688 1233 740 procellas,

338 757 392 798 Et
424 763 523 798 noto
556 757 666 799 tristi
698 757 819 798 ruitis
851 771 1034 812 rapaces

400 827 578 882 Semper
609 829 653 869 in
686 841 859 881 aequor.

163 920 183 953 5
269 910 392 952 Nunc
426 917 526 953 avet
558 911 702 952 Remis
735 912 922 965 geticum
956 913 1034 953 sub
1068 927 1192 955 axem

342 981 491 1023 Classe
523 982 739 1024 frondosis
774 982 970 1024 dominus
1002 990 1166 1037 natare⁷

339 1052 444 1093 Inde
477 1066 554 1106 per
586 1053 719 1094 latum
751 1054 933 1107 pelagus
966 1062 1155 1096 recurret

397 1123 619 1177 Puppibus
653 1125 774 1165 altus.

268 1207 419 1248 Ponite
454 1213 496 1248 et
527 1214 695 1249 vestros
727 1207 867 1249 rabidi
899 1208 1078 1259 furores,

140 1288 183 1322 10
338 1279 555 1320 Mulceant
586 1279 672 1319 iras
707 1279 873 1333 scopuli
905 1280 1110 1332 minaces,

339 1349 530 1390 Monstra
561 1351 740 1392 latratus
774 1357 950 1391 teneant
982 1357 1193 1405 paventes

399 1421 507 1461 Vela
540 1421 695 1469 carine.

270 1503 374 1544 Cum
407 1510 504 1545 tuas
536 1505 715 1558 primum
748 1504 930 1546 reduces
965 1505 1019 1545 ad
1052 1506 1180 1547 horas

338 1575 536 1616 Protinus
569 1576 696 1629 pleno
729 1577 986 1629 venientque
1020 1576 1119 1627 lino,

140 1655 183 1688 15
339 1646 426 1687 Ibis
461 1653 502 1687 et
534 1653 659 1700 portu
693 1647 908 1688 dominum
943 1647 1133 1689 secundo

398 1717 510 1759 Ursa
541 1718 746 1759 remittes.

269 1800 438 1841 Numen
471 1801 676 1842 ostendes
709 1801 891 1855 pretium
923 1801 1083 1842 favoris

338 1871 423 1912 Aut
455 1872 590 1913 minor
623 1872 756 1913 maior
788 1872 985 1926 propiore
1021 1885 1160 1923 cursu,

340 1942 435 1992 Qua
467 1943 605 1996 Tyrus
638 1943 757 1984 vadit
788 1943 939 1984 fruitur
971 1944 1140 1995 quietus

138 2023 183 2057 20
400 2013 434 2056 O
470 2015 703 2068 Cynosura.

267 2098 363 2140 Non
396 2099 534 2139 minus
569 2098 651 2147 fixe
686 2099 792 2140 solio
826 2098 1013 2139 tonantis

341 2168 375 2211 O
408 2184 561 2212 novem
597 2171 735 2221 stelle,
768 2170 880 2210 Iovis
914 2175 957 2209 et
992 2169 1137 2223 puella

339 2241 498 2292 Pleias,
533 2248 575 2282 et
608 2241 668 2282 sic
700 2240 1058 2292 Andromedeque
1093 2239 1166 2279 nili

398 2313 549 2366 Tuque
582 2313 754 2354 Bootes.

139 2405 182 2438 25
270 2395 324 2436 Et
356 2409 515 2449 parens
547 2396 721 2437 Baccho
754 2395 929 2436 nimium
961 2394 1168 2433 Palemon

340 2466 518 2508 Concita
549 2467 730 2518 ardenti,
764 2472 1053 2517 memoratque
1085 2464 1217 2519 piscis

340 2538 516 2590 Glauce,
550 2538 738 2579 nutrices
773 2538 1028 2591 gemineque
1073 2535 1257 2589 nymphe

400 2609 637 2662 Oleniique.

270 2693 336 2735 Tu
369 2693 494 2735 dabis
529 2706 698 2734 cursum
731 2692 877 2733 Venus
912 2696 1003 2731 orta
1034 2690 1186 2739 Ponto,

139 2775 183 2809 30
341 2765 386 2807 Si
417 2765 613 2819 Paphum
645 2763 762 2805 venti
795 2761 935 2803 socios
969 2761 1023 2802 ad
1057 2761 1227 2802 almam.

343 2837 398 2878 Et
430 2836 551 2877 ducis
584 2848 719 2877 naves
750 2846 943 2875 remeare
977 2837 1135 2884 cogent

400 2907 587 2948 Turbine
620 2906 757 2959 nigro.
