1955 3278
118 285 184 319 145

118 640 184 674 150

118 994 184 1029 155

117 1350 184 1384 160

117 1704 181 1737 165

114 2059 181 2093 170

114 2415 179 2448 175

114 2769 181 2803 180

234 275 498 316 Tractabant
531 274 671 315 animo
702 274 900 327 propriae
934 279 1209 314 monumenta
1236 272 1400 323 salutis,

294 346 349 388 Ut
382 352 561 399 possent
594 344 738 398 superi
771 343 980 385 scandere
1013 357 1147 396 regna
1180 343 1280 397 poli.

234 417 286 457 Et
319 416 498 470 cupidas
531 422 698 456 mentes
732 414 787 456 ad
821 414 985 455 caelica
1017 428 1152 467 regna
1184 415 1388 456 levabant

293 488 514 529 Tollentes
547 486 742 540 geminas
775 498 950 540 prorsus
984 485 1038 525 ad
1073 492 1188 526 astra
1222 498 1386 526 manus.

234 559 548 610 Auctoremque
583 570 703 598 suum
737 556 889 597 sedato
923 555 1051 597 corde
1084 555 1345 608 frequenter,

292 629 549 670 Laudabant
582 628 754 682 pariter,
788 634 977 680 pectore,
1011 626 1147 676 thure,
1183 640 1324 681 prece.

233 699 392 742 Omnes
426 699 658 740 servabant
690 704 924 752 praecepta
957 697 1146 739 salubria
1179 698 1304 739 vitae.

298 770 608 822 Ecclesiaeque
643 782 747 810 suae
781 782 904 810 nemo
937 768 1111 810 rebellis
1145 776 1246 810 erat.

235 842 312 883 Ast
345 841 461 882 illam
495 853 666 894 semper
698 853 856 893 magna
889 840 1049 893 pietate
1084 840 1298 888 colebant,v

290 913 428 965 Atque
462 911 726 961 sacerdotes,
759 911 851 952 iura
887 916 1070 960 sacrata,
1106 911 1242 952 simul.

237 983 420 1037 Saepius
451 982 591 1024 insani
623 982 798 1023 tandem
832 989 928 1036 post
961 990 1059 1024 acta
1093 982 1236 1031 duelli,

294 1054 506 1096 Vivebant
538 1054 664 1105 iuste,
698 1053 770 1094 lite
804 1060 968 1094 remota
1000 1054 1158 1107 procul.

233 1126 285 1167 Et
319 1139 446 1178 quum
480 1125 663 1166 victores
698 1131 795 1179 post
828 1125 943 1166 laeta
975 1124 1184 1178 trophaea
1217 1124 1414 1166 redibant

294 1197 479 1238 Comiter
510 1196 682 1248 invicta,
718 1195 882 1250 praeda
914 1203 1089 1249 recepta
1122 1209 1263 1241 manu,

233 1269 341 1309 Tum
375 1267 504 1309 celeri
536 1280 689 1321 gressu
723 1272 965 1321 spectatum
998 1267 1124 1308 turba
1155 1267 1307 1309 ruebat

294 1338 432 1381 Obvia
464 1338 745 1393 progrediens
778 1338 935 1379 talibus
969 1351 1067 1379 orsa
1099 1338 1261 1379 modis:

232 1411 347 1451 Laus
371 1410 446 1451 tibi
467 1410 608 1451 cuncti
630 1416 782 1463 potens
807 1409 919 1461 quod
943 1423 1020 1450 nos
1046 1409 1291 1462 patriosque
1315 1416 1510 1463 nepotes⁷

294 1482 417 1522 Eruis
450 1495 476 1522 a
508 1480 657 1522 rabido
690 1480 889 1521 faustiter
922 1493 994 1521 ore
1029 1481 1161 1522 canis.

233 1551 470 1605 Praecipue
504 1564 673 1601 uxores,
707 1551 808 1596 nati
845 1551 1048 1603 charique
1082 1551 1321 1605 propinqui,

293 1622 563 1674 Gaudebant,
598 1622 757 1673 famuli,
792 1622 916 1663 turba
949 1622 1117 1675 pudica,
1153 1635 1332 1675 quoque.

232 1694 369 1735 Laeta
403 1693 552 1735 domus
587 1695 741 1743 fuerat,
777 1700 1010 1734 sonuerunt
1039 1694 1225 1734 carmine
1249 1694 1422 1747 templa.

290 1765 343 1804 Et
377 1764 541 1818 crepuit
575 1770 664 1805 toto
697 1763 841 1804 fistula
876 1763 1038 1805 blanda
1069 1764 1175 1805 foro.

229 1834 443 1876 Iucundos
476 1835 636 1888 pariter
668 1834 908 1876 reddebant
941 1835 1054 1876 Aera
1086 1834 1254 1882 boatu&

291 1906 575 1959 Festinosque
609 1906 733 1948 simul
766 1912 970 1960 tympana
1002 1920 1132 1948 rauca
1166 1920 1306 1948 sonos.

232 1978 284 2018 Et
316 1978 499 2031 populus
533 1977 715 2019 reduces
749 1991 904 2031 magno
940 1978 1129 2031 suscepit
1162 1978 1338 2026 honore,

292 2049 353 2091 Ac
386 2049 548 2090 studuit
582 2062 736 2102 supero
772 2049 938 2090 solvere
972 2054 1071 2089 vota
1104 2048 1197 2089 deo.

230 2120 376 2161 Thura
409 2120 626 2173 vaporatis
658 2119 857 2174 ponendo
890 2120 1054 2160 fumida
1086 2120 1271 2173 templis,

291 2190 513 2233 Cessando
546 2190 697 2232 laudes
731 2204 810 2232 nec
843 2204 1046 2231 resonare
1080 2190 1186 2244 pias.

229 2262 318 2303 Hos
353 2262 478 2303 etiam
512 2262 712 2316 princeps
746 2263 895 2302 merito
930 2261 1163 2303 decorabat
1196 2262 1356 2303 honore

287 2333 493 2375 Militibus
529 2334 721 2375 tribuens
754 2346 930 2374 munera
963 2333 1084 2386 larga
1119 2333 1220 2374 suis.

230 2405 284 2445 Et
316 2404 497 2446 reduces
530 2417 711 2458 magnas
745 2405 908 2446 cunctis
943 2418 995 2445 ex
1029 2404 1175 2445 ordine
1210 2404 1389 2457 palmas,

288 2476 531 2517 Narrabant
565 2476 724 2529 pariter
755 2476 920 2529 praelia
954 2475 1059 2515 dura
1092 2475 1205 2516 viris.

231 2546 354 2596 Quod
386 2546 497 2588 bene
531 2546 662 2600 digna
695 2547 799 2588 satis
834 2546 1004 2587 fortuna
1036 2546 1245 2587 reviserat
1277 2547 1386 2591 illos,

290 2617 498 2670 Quodque
532 2617 616 2659 illis
650 2617 844 2658 dominus
879 2617 1061 2657 maxima
1094 2617 1212 2657 lucra
1246 2617 1376 2658 dedit.

231 2688 417 2738 Quilibet
449 2695 494 2729 ut
526 2689 663 2742 potuit
695 2702 770 2742 pro
804 2688 934 2728 tantis
966 2687 1044 2728 rite
1078 2688 1315 2741 triumphis,

294 2759 365 2800 Sic
398 2759 558 2800 studuit
592 2772 792 2812 magnum
826 2758 1055 2800 conciliare
1088 2758 1245 2800 Iovem.

231 2830 434 2871 Nonnulli
468 2830 634 2871 Christo
675 2830 871 2871 sublimia
904 2830 1065 2882 templa
1098 2828 1312 2876 dicabant,

290 2901 366 2942 llle
400 2901 531 2942 dabat
565 2901 726 2942 sanctis
759 2901 943 2942 maxima
977 2898 1090 2941 dona
1123 2900 1240 2942 locis.
