1898 3278
103 345 298 382 Carmen
318 344 577 381 Hieronimi
603 344 737 381 Balbi
762 344 970 381 Doctoris
998 345 1256 392 Praepositi
1282 345 1583 383 Posoniensis

426 404 472 440 et
499 403 746 440 Secretarii
772 403 948 450 Regiae
975 404 1273 441 Maiestatis.¹

249 513 413 565 Inclita,
448 526 557 566 quae
593 513 760 556 Sciticis
793 527 901 567 gens
924 514 1079 568 prodiit
1099 515 1305 568 Hungara
1328 517 1464 566 terris,

308 585 378 626 Nil
409 585 492 625 nisi
526 585 751 638 sanguinei
782 585 928 626 Martis
962 586 1134 627 amabat
1167 599 1287 640 opus,

252 655 377 697 Clara
409 655 580 708 quidem
613 656 740 707 bello⁷
774 657 993 710 partisque
1028 656 1185 698 decora
1207 658 1445 711 triumphis,

309 726 395 768 Sed
427 740 511 768 non
544 726 752 781 pacificae
786 728 958 769 conscia
991 728 1100 781 legis
1134 734 1238 770 erat.

247 798 341 839 Non
374 797 467 839 fora
498 798 701 851 legitimis
733 798 995 840 resonabant
1029 813 1183 854 sparsa
1214 800 1398 851 tabellis,

306 869 519 921 Nullaque
553 869 781 923 conscripti
813 870 963 922 regula
993 870 1096 911 iuris
1131 878 1231 912 erat.

246 942 324 983 Jus
358 941 484 982 dubie
517 941 713 995 pendens
744 941 1020 994 incertaeque
1054 943 1152 983 alea·
1184 943 1284 995 litis,

308 1011 554 1066 Sparsaque
588 1013 776 1053 clamoso
805 1012 943 1066 iurgia
976 1026 1086 1054 vana
1118 1013 1219 1055 foro.

246 1083 351 1124 Inde
386 1081 545 1136 (nefas)
580 1083 729 1137 patriis
763 1083 925 1124 eiectus
961 1084 1137 1126 sedibus
1170 1085 1326 1127 haeres

306 1153 457 1196 Haesit
490 1159 531 1195 et
565 1154 739 1195 alterius
773 1154 972 1196 substulit
1005 1155 1113 1196 alter
1145 1168 1266 1209 opes,

247 1224 379 1277 Inque
411 1225 505 1278 pari
538 1238 669 1266 causa
699 1225 788 1265 lata
821 1232 886 1266 est
919 1227 1133 1267 sententia
1166 1226 1324 1280 dispar,

305 1295 360 1335 Et
391 1295 515 1336 modo
550 1295 620 1348 qui
652 1296 788 1337 victor
819 1310 916 1337 mox
948 1297 1027 1338 fuit
1058 1298 1130 1338 ille
1163 1311 1273 1339 reus.

248 1366 302 1406 At
336 1365 582 1420 Stephanus
609 1374 798 1408 veterum
826 1368 978 1409 laudes
1012 1381 1214 1422 egressus
1243 1383 1416 1411 avorum

305 1437 469 1478 Adtulit
501 1443 689 1491 optatam
723 1438 925 1492 providus
959 1439 1112 1481 author
1145 1453 1283 1494 opem,

248 1507 329 1557 Qui
360 1521 472 1549 1111110
504 1508 753 1549 Pannoniae
786 1509 1011 1563 perscribit
1043 1510 1135 1551 iura
1166 1511 1299 1553 feroci

305 1579 518 1631 Armaque
551 1579 659 1621 fulta
693 1581 827 1621 sacris
859 1581 1029 1634 legibus
1063 1595 1160 1623 esse
1194 1583 1323 1623 iubet.

246 1650 321 1691 llle
355 1651 491 1704 aperit
523 1651 644 1704 regni
675 1651 830 1705 triplici
863 1652 1036 1693 decreta
1068 1653 1213 1694 libello

304 1721 359 1762 Et
391 1727 510 1762 notat
543 1721 741 1775 ambiguo
774 1723 866 1763 iura
898 1723 1060 1764 tuenda
1092 1724 1197 1766 foro.

245 1792 384 1844 Atque
417 1792 542 1834 docet
574 1806 727 1845 mores,
761 1794 889 1847 longo
924 1795 1112 1837 servabit
1144 1796 1198 1837 ab
1232 1810 1339 1838 aevo

306 1862 422 1912 Quos
457 1863 605 1905 Scitha
644 1864 870 1906 Caesareis
903 1865 1072 1919 legibus
1106 1880 1203 1908 esse
1237 1881 1378 1922 pares,

245 1934 298 1974 Et
332 1947 441 1986 quae
474 1935 543 1975 vix
575 1941 773 1989 poterant
805 1950 1031 1979 numeroso
1065 1938 1213 1980 codice
1247 1939 1401 1985 claudi,

305 2004 489 2047 Sedulus
522 2006 564 2046 111
597 2020 759 2060 paucas
793 2007 978 2061 diggerit
1008 2009 1101 2062 ipse
1135 2016 1270 2051 notas.

246 2075 368 2117 Actio
402 2082 519 2118 certa
550 2083 683 2131 patet,
718 2085 835 2119 certa
869 2086 933 2120 est
965 2081 1247 2136 praescriptio
1280 2096 1433 2132 rerum,

305 2148 358 2188 Et
393 2154 661 2190 contestatae
694 2149 875 2190 formula
907 2150 993 2191 litis
1027 2151 1160 2193 adest.

247 2218 437 2272 Quisque
471 2233 593 2261 suum
626 2233 811 2261 noscens
845 2221 984 2262 alieno
1017 2222 1149 2265 limite
1184 2223 1310 2265 cedet

307 2290 469 2343 Sponte
501 2304 582 2332 1100
613 2291 803 2332 infirmus
836 2292 999 2345 praeda
1031 2295 1218 2347 potentis
1252 2295 1342 2337 erit.

245 2361 407 2414 ι11180110
436 2362 635 2416 piumque
670 2362 810 2404 colent
834 2363 1004 2417 placida
1027 2365 1105 2406 sub
1126 2366 1224 2419 lege
1258 2366 1402 2418 quieti,

308 2432 430 2474 Sorte
465 2433 558 2487 pari
592 2446 748 2475 causas
783 2434 966 2476 Croesus
1000 2441 1042 2477 et
1072 2436 1164 2477 Irus
1198 2444 1338 2491 agent.

221 2629 231 2648 ¹
261 2630 513 2674 ..Tripartitum
540 2642 632 2675 opus
651 2632 737 2666 iuris
757 2633 1064 2667 consuetudinarii
1083 2634 1209 2678 inclyti
1229 2635 1329 2679 regni
1350 2636 1556 2681 Hungariae
1576 2650 1583 2670 :

100 2699 163 2732 per
197 2689 408 2734 magistrum
437 2689 661 2733 Stephanum
688 2691 733 2725 de
771 2691 982 2725 Werbewcz
1020 2694 1225 2736 personalis
1263 2695 1447 2738 presentie
1481 2696 1583 2738 regie

100 2737 302 2782 maiestatis
328 2749 448 2783 locum
474 2752 658 2784 tenentem
686 2751 956 2785 accuratissime
996 2752 1163 2786 editu1n.“
1206 2754 1239 2787 A
1278 2754 1401 2798 konyv
1438 2753 1580 2799 vegen:

104 2807 343 2850 „lmpressum
379 2808 541 2843 Viennae
579 2809 751 2844 Austriae
788 2820 854 2853 per
891 2811 1021 2844 Joanll.
1067 2810 1306 2856 Singrenium.
1346 2814 1453 2848 Anno
1485 2815 1582 2849 (10111,

100 2866 143 2900 M.
170 2866 211 2899 D.
238 2867 368 2900 XVII.“
404 2868 540 2901 Balbus
567 2867 800 2913 koltemenye
828 2879 982 2913 megvan
1009 2870 1202 2905 mtiveinek
1229 2872 1451 2907 Ketzer-fele
1479 2872 1584 2908 becsi

100 2925 325 2960 kiadasaban
353 2926 394 2968 is,
421 2927 445 2960 I.
474 2938 507 2970 p.
