1955 3278
333 132 403 166 240

331 357 399 391 260

332 1425 400 1459 275

451 274 672 329 Multiplici
705 275 876 317 fuerant
910 275 1084 316 cellaria
1117 276 1246 329 plena
1279 275 1455 328 liquore,

508 346 669 387 Plenus
703 345 861 387 divitiis
895 346 1077 399 angulus
1112 346 1247 388 omnis
1282 353 1386 387 erat.

449 417 570 458 Tunc
602 418 737 471 viguit
769 417 961 471 probitas
995 430 1143 470 regno,
1178 417 1432 466 constantia,
1465 416 1611 467 virtus,

509 488 643 529 Maior
676 501 802 541 quam
838 488 1004 542 possint
1037 488 1227 529 carmina
1259 494 1405 529 nostra
1438 487 1566 540 loqui.

449 559 534 601 Ora
566 560 666 601 licet
698 559 826 601 variis
860 565 1007 600 essent
1040 559 1141 600 mihi
1174 559 1371 613 praedita
1402 559 1573 612 linguis,

509 630 655 672 Gratia
688 631 875 672 Threicii
909 644 988 672 1166
1022 632 1158 671 minor
1188 631 1285 685 ipsa
1318 630 1452 678 ducis„

450 702 672 744 Accedant
706 703 910 755 querulae
944 702 1053 755 Pylii
1087 715 1255 755 quoque
1289 702 1421 755 longa
1453 708 1657 743 senectae

508 774 723 828 Tempora
756 773 1009 815 staminibus
1043 774 1215 814 numine
1249 779 1372 827 parta
1406 773 1524 814 meis.

448 845 547 899 Ipse
581 852 725 886 tamen
759 851 909 899 potero
943 845 1116 886 minime
1150 858 1262 886 nunc
1295 850 1448 886 cuncta
1482 844 1656 890 referre,

507 916 596 957 Illis
629 916 893 970 temporibus
928 929 1037 969 quae
1071 922 1250 970 patuere
1284 915 1420 956 simul.

449 988 656 1041 Hungara
688 993 788 1029 tunc
820 987 949 1027 tellus
983 986 1203 1040 gaudebat
1237 993 1350 1028 sorte
1384 986 1525 1035 beata,

510 1059 709 1112 Egregiis
742 1058 883 1099 fuerat
917 1071 1028 1111 quae
1062 1057 1261 1099 redimita
1292 1058 1407 1099 viris.

450 1131 540 1171 Rex
572 1130 714 1172 fuerat
748 1129 998 1184 Stephanus
1031 1130 1142 1171 iuste
1177 1130 1249 1182 qui
1281 1129 1389 1170 rexit
1422 1129 1617 1170 habenas

507 1201 785 1242 Pannonicae
818 1200 974 1254 gentis,
1009 1201 1185 1253 iureque
1219 1200 1446 1254 magnifico

452 1272 588 1322 Quem
622 1273 728 1313 deus
762 1286 814 1313 ex
847 1272 990 1313 multis
1025 1271 1187 1326 delegit
1219 1273 1390 1313 milibus
1423 1286 1565 1318 unum,

512 1344 568 1386 Ut
601 1344 722 1385 daret
754 1344 791 1384 is
825 1343 995 1385 domino
1031 1343 1162 1397 dupla
1194 1344 1358 1384 talenta
1392 1357 1481 1385 3110.

453 1415 589 1465 Quem
624 1415 730 1457 deus
765 1415 961 1468 angelico
996 1415 1241 1456 diademate
1276 1416 1469 1457 cinxerat
1501 1416 1614 1466 olim,

512 1487 569 1528 Ut
600 1486 721 1528 fieret
753 1486 920 1540 patriae
953 1486 1030 1527 rite
1066 1486 1300 1528 monarcha
1334 1500 1451 1531 suae.

453 1557 535 1607 Qui
568 1558 728 1612 primus
760 1557 861 1598 fidei
895 1557 1030 1598 cultor
1063 1557 1313 1599 subvertere
1345 1558 1450 1598 ritus

510 1629 754 1682 Sacrilegos
787 1629 920 1670 voluit
952 1628 1145 1670 funditus
1179 1629 1411 1682 Hungaria.

448 1701 689 1754 Belligeros
724 1700 794 1753 qui
829 1706 1078 1741 constanter
1110 1700 1319 1754 pugnavit
1351 1700 1393 1741 in
1427 1700 1590 1753 hostes,

510 1773 563 1813 Et
596 1772 757 1814 studuit
791 1772 959 1826 proprio
995 1771 1180 1813 subdere
1214 1772 1324 1813 colla
1356 1773 1456 1825 iugo

448 1845 501 1885 Et
533 1844 707 1885 tandem
743 1857 890 1885 sacras
925 1843 1095 1884 domino
1129 1843 1311 1884 fundare
1346 1856 1544 1897 supremo

510 1916 729 1957 Ecclesias
761 1915 891 1957 variis
927 1913 1106 1968 (templa
1139 1915 1318 1968 sacella)
1350 1915 1470 1959 locis,

449 1987 567 2036 Quas
601 1988 730 2028 etiam
764 1987 875 2028 culte
909 1986 1058 2027 merito
1093 1985 1258 2027 dotavit
1290 1986 1465 2037 honore,

509 2058 719 2099 Censibus
753 2066 795 2099 et
828 2057 952 2108 villis,
988 2057 1312 2110 redditibusque
1346 2057 1483 2099 bonis.

450 2130 496 2171 In
528 2129 681 2182 quibus
706 2143 758 2170 en
780 2129 889 2170 coeli
921 2129 1148 2179 dominam,
1184 2141 1477 2180 summumque
1500 2135 1732 2174 tonantem,

508 2201 681 2241 Extollit
715 2201 854 2241 clerus
886 2199 1088 2241 laudibus
1124 2199 1325 2241 assiduis.

448 2272 685 2325 Praecipue
718 2271 917 2312 Monachi
950 2271 1181 2325 lachrymis
1214 2271 1287 2324 pia
1320 2272 1486 2312 solvere
1520 2279 1620 2313 vota

507 2343 646 2395 Atque
681 2343 819 2384 solent
852 2342 1083 2396 precibusl
1119 2342 1350 2384 sollicitare
1385 2343 1524 2384 deum.

448 2415 543 2454 Dux
578 2414 798 2455 Emericus
832 2420 937 2459 erat,
972 2414 1117 2467 proles
1152 2414 1389 2455 clarissima
1423 2415 1551 2467 regis

508 2486 720 2526 Aeternus
754 2492 931 2526 sanctae
965 2484 1222 2538 virginitatis
1256 2485 1406 2526 honos.

446 2556 621 2597 Virtutis
654 2556 801 2605 cultor,
836 2569 998 2597 morum
1032 2555 1243 2609 probitate
1278 2563 1483 2597 venustus

506 2627 685 2668 Illustris
719 2627 879 2667 meritis
914 2626 965 2667 de
1000 2627 1190 2667 bonitate
1226 2626 1359 2680 patris

449 2697 530 2746 Qui
561 2698 779 2739 insomnes
813 2697 973 2738 studuit
1007 2697 1173 2738 iuvenis
1206 2698 1485 2739 transducere
1520 2704 1670 2739 noctes

507 2768 692 2822 Saepius
727 2775 768 2810 et
802 2769 1022 2810 monachis
1057 2769 1204 2809 oscula
1238 2776 1360 2811 casta
1394 2769 1510 2812 dare,

452 2921 460 2939 ¹
491 2921 683 2965 praecibus
711 2921 751 2954 A.
