1955 3278
325 136 394 170 268

326 291 395 324 695
444 280 508 321 Νο
542 284 627 320 13111
661 291 794 320 saeva
826 278 920 319 lues
946 282 1079 319 totum
1113 282 1338 331 proserpat
1371 276 1413 317 in
1447 276 1591 318 orbem

329 647 399 681 700

331 1004 399 1038 705

336 1360 404 1394 710

503 351 568 392 Ne
601 349 747 391 laedat
781 348 942 390 Christi
974 348 1140 402 perfida
1174 347 1299 389 turba
1333 360 1514 388 crucem.

448 422 493 464 Si
523 421 718 462 Thnrcas
752 420 869 461 nulla
901 419 1170 461 medicabilis
1204 418 1386 472 amplius
1419 424 1522 460 arte.
1543 417 1555 440 ¹

506 493 654 534 Victus
688 492 767 533 erit
800 496 937 545 grate,
971 490 1258 545 prosperitate
1292 489 1418 531 bona.

448 565 640 605 Ducetur
673 569 825 617 captus
860 562 1058 604 manibus
1092 567 1189 615 post
1223 568 1345 614 terga
1378 560 1536 615 ligatis,

508 636 560 676 Et
593 634 714 676 vobis
748 647 931 687 magnus
965 646 1123 687 pompa
1157 631 1397 686 triumphus
1431 631 1522 673 erit.

448 708 571 749 Hunc
604 706 737 761 primo
770 704 951 759 rigidam
986 704 1150 757 cogetis
1183 703 1347 756 lingere
1381 710 1537 744 terram

509 778 735 820 Servitium
770 782 867 831 post
900 776 981 817 hoc
1015 775 1126 816 colla
1160 774 1347 828 superba
1378 773 1478 827 pati.

450 850 559 891 Hinc
592 849 687 890 aliis
721 848 833 889 oculi
866 847 1012 888 cultris
1046 845 1265 887 fodientur
1298 844 1448 896 acutis,

509 921 585 962 His
618 920 789 972 franget
824 919 1045 971 querulum
1079 917 1226 970 tegula
1258 917 1373 957 iacta
1406 922 1546 971 caput.

453 991 636 1034 Sordida
669 989 884 1031 nonnullis
919 988 1139 1030 scindetur
1172 995 1342 1042 gutture
1375 988 1522 1041 lingua

466 1081 473 1086 ·
509 1064 563 1104 Et
596 1061 722 1104 cadet
757 1068 856 1102 ante
892 1073 994 1101 suos
1027 1060 1103 1100 illa
1136 1066 1308 1101 resecta
1341 1059 1488 1114 pedes.

452 1135 610 1188 Magna
641 1140 734 1174 ruet
769 1132 940 1186 gladiis,
974 1144 1076 1185 pars
1110 1131 1297 1172 maxima
1328 1130 1441 1172 falce
1475 1130 1629 1185 peribit

512 1204 734 1246 Fluctibus
769 1209 810 1244 et
842 1202 1010 1244 resides
1046 1203 1198 1243 obruet
1230 1202 1346 1242 unda
1379 1203 1481 1244 suis.

455 1279 593 1330 Atque
627 1281 945 1330 peremptorum
978 1274 1174 1328 iugulata
1207 1273 1422 1315 cadavera
1454 1274 1633 1328 campis,

514 1348 706 1389 Membra
739 1359 870 1388 canes
905 1345 1117 1398 siquidem
1150 1346 1319 1387 viscera
1352 1352 1498 1399 carpet
1532 1345 1639 1395 avis,

455 1421 564 1461 Tum
598 1418 738 1460 subito
772 1424 943 1458 nostras
976 1416 1231 1471 peregrinus
1265 1416 1406 1457 vultur
1437 1417 1480 1457 in
1513 1429 1611 1457 oras

518 1491 726 1533 Convolet
759 1489 958 1530 immanis
991 1488 1191 1543 praescia
1224 1487 1371 1529 caedis
1404 1488 1510 1529 avis.

457 1564 662 1616 Hungara
694 1575 778 1602 non
811 1561 938 1602 tellus
973 1559 1164 1601 crudelia
1197 1566 1387 1601 monstra
1420 1559 1599 1611 timebit,

514 1634 702 1677 Ulterius
736 1633 862 1673 nullis
897 1631 1171 1673 succubitura
1206 1631 1339 1671 malis.

389 1720 406 1748 Γ
460 1708 556 1748 Non
591 1705 748 1747 etenim
783 1703 959 1744 extincti
991 1709 1089 1757 post
1122 1703 1204 1744 hoc
1237 1702 1494 1757 reparabilis
1517 1701 1669 1755 anguis

515 1778 613 1818 Vita
646 1777 737 1827 erit,
773 1781 970 1817 exectum
1003 1781 1076 1815 ant
1110 1780 1275 1815 crescet
1312 1780 1353 1814 ut
1386 1780 1485 1814 ante
1520 1777 1660 1827 caput.

467 1850 610 1892 Strata
645 1849 722 1889 erit
757 1847 938 1889 exsortis
972 1860 1070 1887 nam
1105 1845 1211 1887 dura
1243 1845 1438 1899 potentia
1469 1843 1641 1895 Thurci,

517 1921 729 1974 Tempore
763 1925 971 1972 perpetuo
1007 1930 1092 1957 non
1125 1916 1358 1958 metuenda
1390 1916 1541 1969 magis.

461 1993 642 2045 Nonque
677 1990 815 2043 magis
849 1989 987 2030 victus
1021 1995 1192 2029 nostras
1225 1987 1413 2028 vastabit
1447 1987 1646 2037 harenas,

519 2063 609 2104 Nec
643 2061 724 2103 sibi
757 2061 810 2102 de
844 2060 1008 2113 reliquo
1042 2059 1216 2113 pervius
1250 2059 1364 2100 orbis
1399 2058 1477 2099 erit

461 2134 640 2176 Pervius
674 2132 789 2174 orbis
823 2132 914 2183 erit,
951 2145 1029 2172 sua
1062 2130 1136 2171 fiet
1169 2131 1305 2184 gloria
1337 2129 1458 2183 peior

520 2205 657 2255 Quam
690 2204 769 2244 fuit
801 2203 963 2244 Euriali
1004 2200 1400 2253 Tantalidnmquffl
1434 2200 1571 2241 simul.

460 2276 662 2318 Falciferi
694 2276 868 2317 venient
901 2288 1050 2315 rursus
1083 2280 1171 2314 tum
1205 2273 1296 2313 iura
1328 2271 1512 2326 tyranni,

520 2350 702 2389 Astreae
734 2347 895 2400 pariter
930 2358 1107 2386 munera
1141 2350 1294 2385 sancta
1326 2343 1448 2385 deae.

395 2432 409 2439 ⁷
465 2420 574 2460 Hinc
606 2418 779 2472 placida
810 2424 925 2458 totus
958 2416 1107 2468 requie
1141 2414 1366 2469 pacabitur
1399 2414 1527 2455 orbis.

520 2490 706 2532 Assidue
739 2490 852 2530 letus
886 2487 1060 2528 numina
1093 2487 1205 2527 trina
1238 2487 1362 2527 colet.

462 2563 514 2603 Et
547 2574 687 2602 rerum
721 2560 855 2601 series
889 2559 1025 2613 putris
1059 2557 1337 2598 renovabitur
1369 2564 1490 2598 aetas

521 2633 736 2686 Prospera
767 2631 921 2671 librato
954 2629 1123 2670 tramite
1159 2637 1313 2669 cuncta
1345 2628 1489 2669 fiuent.

466 2705 607 2746 Mitius
641 2716 746 2743 aura
777 2702 885 2743 levis
920 2700 1098 2754 spirabit
1132 2713 1232 2741 vere
1268 2712 1434 2746 sereno,

527 2776 578 2816 Et
612 2775 778 2816 coelum
813 2773 963 2814 dextro
998 2771 1153 2825 sydere
1189 2784 1358 2824 semper
1391 2770 1481 2811 erit.

469 2928 477 2947 ¹
507 2938 583 2961 arre
613 2928 654 2960 A.
706 2926 717 2944 ²¹
751 2924 924 2968 Apponyi
951 2922 1207 2967 peldanyaban
1239 2920 1515 2964 Tantalidz'sque
1540 2919 1647 2954 senis.
