<?xml version="1.0" encoding="UTF-8"?>
<!DOCTYPE html PUBLIC "-//W3C//DTD XHTML 1.0 Transitional//EN"
    "http://www.w3.org/TR/xhtml1/DTD/xhtml1-transitional.dtd">
<html xmlns="http://www.w3.org/1999/xhtml" xml:lang="en" lang="en">
 <head>
  <title>
</title>
<meta http-equiv="Content-Type" content="text/html;charset=utf-8" />
  <meta name='ocr-system' content='tesseract 3.04.00' />
  <meta name='ocr-capabilities' content='ocr_page ocr_carea ocr_par ocr_line ocrx_word'/>
</head>
<body>
  <div class='ocr_page' id='page_1' title='image "analectanovaadhi00beuoft_0347.png"; bbox 0 0 1955 3278; ppageno 0'>
   <div class='ocr_carea' id='block_1_1' title="bbox 88 561 155 596">
    <p class='ocr_par' dir='ltr' id='par_1_1' title="bbox 88 561 155 596">
     <span class='ocr_line' id='line_1_1' title="bbox 88 561 155 596; baseline -0.015 0"><span class='ocrx_word' id='word_1_1' title='bbox 88 561 155 596; x_wconf 89' lang='lat'><strong>585</strong></span> 
     </span>
    </p>
   </div>
   <div class='ocr_carea' id='block_1_2' title="bbox 87 916 155 951">
    <p class='ocr_par' dir='ltr' id='par_1_2' title="bbox 87 916 155 951">
     <span class='ocr_line' id='line_1_2' title="bbox 87 916 155 951; baseline 0.015 -1"><span class='ocrx_word' id='word_1_2' title='bbox 87 916 155 951; x_wconf 88' lang='grc'><strong>590</strong></span> 
     </span>
    </p>
   </div>
   <div class='ocr_carea' id='block_1_3' title="bbox 87 1271 154 1305">
    <p class='ocr_par' dir='ltr' id='par_1_3' title="bbox 87 1271 154 1305">
     <span class='ocr_line' id='line_1_3' title="bbox 87 1271 154 1305; baseline 0 0"><span class='ocrx_word' id='word_1_3' title='bbox 87 1271 154 1305; x_wconf 83' lang='grc'><strong>595</strong></span> 
     </span>
    </p>
   </div>
   <div class='ocr_carea' id='block_1_4' title="bbox 87 1626 155 1661">
    <p class='ocr_par' dir='ltr' id='par_1_4' title="bbox 87 1626 155 1661">
     <span class='ocr_line' id='line_1_4' title="bbox 87 1626 155 1661; baseline 0.015 -1"><span class='ocrx_word' id='word_1_4' title='bbox 87 1626 155 1661; x_wconf 89' lang='grc'><strong>600</strong></span> 
     </span>
    </p>
   </div>
   <div class='ocr_carea' id='block_1_5' title="bbox 87 1981 155 2016">
    <p class='ocr_par' dir='ltr' id='par_1_5' title="bbox 87 1981 155 2016">
     <span class='ocr_line' id='line_1_5' title="bbox 87 1981 155 2016; baseline -0.015 0"><span class='ocrx_word' id='word_1_5' title='bbox 87 1981 155 2016; x_wconf 88' lang='grc'><strong>605</strong></span> 
     </span>
    </p>
   </div>
   <div class='ocr_carea' id='block_1_6' title="bbox 89 2336 156 2371">
    <p class='ocr_par' dir='ltr' id='par_1_6' title="bbox 89 2336 156 2371">
     <span class='ocr_line' id='line_1_6' title="bbox 89 2336 156 2371; baseline -0.015 0"><span class='ocrx_word' id='word_1_6' title='bbox 89 2336 156 2371; x_wconf 87' lang='grc'><strong>610</strong></span> 
     </span>
    </p>
   </div>
   <div class='ocr_carea' id='block_1_7' title="bbox 90 2693 157 2726">
    <p class='ocr_par' dir='ltr' id='par_1_7' title="bbox 90 2693 157 2726">
     <span class='ocr_line' id='line_1_7' title="bbox 90 2693 157 2726; baseline 0 0"><span class='ocrx_word' id='word_1_7' title='bbox 90 2693 157 2726; x_wconf 88' lang='grc'><strong>615</strong></span> 
     </span>
    </p>
   </div>
   <div class='ocr_carea' id='block_1_8' title="bbox 1502 125 1571 159">
    <p class='ocr_par' dir='ltr' id='par_1_8' title="bbox 1502 125 1571 159">
     <span class='ocr_line' id='line_1_8' title="bbox 1502 125 1571 159; baseline 0.014 -1"><span class='ocrx_word' id='word_1_8' title='bbox 1502 125 1571 159; x_wconf 88' lang='grc'><strong>313</strong></span> 
     </span>
    </p>
   </div>
   <div class='ocr_carea' id='block_1_9' title="bbox 233 267 1542 2950">
    <p class='ocr_par' dir='ltr' id='par_1_9' title="bbox 233 267 1542 1315">
     <span class='ocr_line' id='line_1_9' title="bbox 235 267 1542 324; baseline 0.002 -15"><span class='ocrx_word' id='word_1_9' title='bbox 235 268 528 321; x_wconf 87' lang='lat' dir='ltr'><strong>Eversumque</strong></span> <span class='ocrx_word' id='word_1_10' title='bbox 548 267 735 308; x_wconf 91' lang='lat' dir='ltr'><strong>humeris</strong></span> <span class='ocrx_word' id='word_1_11' title='bbox 752 267 944 309; x_wconf 89' lang='lat' dir='ltr'><strong>habitum</strong></span> <span class='ocrx_word' id='word_1_12' title='bbox 968 267 1275 322; x_wconf 85' lang='lat' dir='ltr'><strong>gravidamque</strong></span> <span class='ocrx_word' id='word_1_13' title='bbox 1296 269 1542 324; x_wconf 80' lang='lat' dir='ltr'><strong>pharetram</strong></span> 
     </span>
     <span class='ocr_line' id='line_1_10' title="bbox 234 338 1321 394; baseline 0.002 -14"><span class='ocrx_word' id='word_1_14' title='bbox 234 339 413 390; x_wconf 81' lang='lat' dir='ltr'><strong>Aureus,</strong></span> <span class='ocrx_word' id='word_1_15' title='bbox 449 344 490 380; x_wconf 91' lang='lat' dir='ltr'><strong>et</strong></span> <span class='ocrx_word' id='word_1_16' title='bbox 522 339 683 380; x_wconf 87' lang='lat' dir='ltr'><strong>fractas</strong></span> <span class='ocrx_word' id='word_1_17' title='bbox 715 338 866 379; x_wconf 88' lang='lat' dir='ltr'><strong>umbra</strong></span> <span class='ocrx_word' id='word_1_18' title='bbox 897 338 1090 392; x_wconf 80' lang='lat' dir='ltr'><strong>fugiente</strong></span> <span class='ocrx_word' id='word_1_19' title='bbox 1126 341 1321 394; x_wconf 81' lang='lat' dir='ltr'>sagittas,</span> 
     </span>
     <span class='ocr_line' id='line_1_11' title="bbox 236 409 1451 465; baseline 0.002 -14"><span class='ocrx_word' id='word_1_20' title='bbox 236 410 348 460; x_wconf 83' lang='lat' dir='ltr'>Quid</span> <span class='ocrx_word' id='word_1_21' title='bbox 370 409 542 451; x_wconf 78' lang='lat' dir='ltr'><strong>mater?</strong></span> <span class='ocrx_word' id='word_1_22' title='bbox 574 410 665 451; x_wconf 88' lang='lat' dir='ltr'><strong>sine</strong></span> <span class='ocrx_word' id='word_1_23' title='bbox 687 410 782 451; x_wconf 91' lang='lat' dir='ltr'><strong>luce</strong></span> <span class='ocrx_word' id='word_1_24' title='bbox 803 410 913 463; x_wconf 89' lang='lat' dir='ltr'><strong>gerit</strong></span> <span class='ocrx_word' id='word_1_25' title='bbox 934 410 1182 463; x_wconf 78' lang='lat' dir='ltr'><strong>tristemque</strong></span> <span class='ocrx_word' id='word_1_26' title='bbox 1205 425 1282 465; x_wconf 85' lang='lat' dir='ltr'><strong>per</strong></span> <span class='ocrx_word' id='word_1_27' title='bbox 1303 413 1451 454; x_wconf 88' lang='lat' dir='ltr'><strong>urbem</strong></span> 
     </span>
     <span class='ocr_line' id='line_1_12' title="bbox 235 481 1436 534; baseline 0.002 -11"><span class='ocrx_word' id='word_1_28' title='bbox 235 481 362 523; x_wconf 87' lang='lat' dir='ltr'><strong>Nuda</strong></span> <span class='ocrx_word' id='word_1_29' title='bbox 384 481 519 532; x_wconf 87' lang='lat' dir='ltr'><strong>faces,</strong></span> <span class='ocrx_word' id='word_1_30' title='bbox 553 481 790 534; x_wconf 87' lang='lat' dir='ltr'><strong>niveasque</strong></span> <span class='ocrx_word' id='word_1_31' title='bbox 810 486 943 534; x_wconf 85' lang='lat' dir='ltr'><strong>negat</strong></span> <span class='ocrx_word' id='word_1_32' title='bbox 976 481 1189 534; x_wconf 84' lang='lat' dir='ltr'><strong>Cytherea</strong></span> <span class='ocrx_word' id='word_1_33' title='bbox 1216 483 1436 525; x_wconf 89' lang='lat' dir='ltr'><strong>columbas</strong></span> 
     </span>
     <span class='ocr_line' id='line_1_13' title="bbox 235 552 1325 605; baseline 0 -11"><span class='ocrx_word' id='word_1_34' title='bbox 235 553 291 594; x_wconf 87' lang='lat' dir='ltr'><strong>Ut</strong></span> <span class='ocrx_word' id='word_1_35' title='bbox 324 552 537 604; x_wconf 89' lang='lat' dir='ltr'><strong>quondam</strong></span> <span class='ocrx_word' id='word_1_36' title='bbox 573 552 742 605; x_wconf 85' lang='lat' dir='ltr'><strong>Cynara</strong></span> <span class='ocrx_word' id='word_1_37' title='bbox 774 552 972 605; x_wconf 81' lang='lat' dir='ltr'><strong>plorabat</strong></span> <span class='ocrx_word' id='word_1_38' title='bbox 1004 552 1103 595; x_wconf 85' lang='lat' dir='ltr'><strong>diva</strong></span> <span class='ocrx_word' id='word_1_39' title='bbox 1136 560 1325 594; x_wconf 89' lang='lat' dir='ltr'><strong>creatum</strong></span> 
     </span>
     <span class='ocr_line' id='line_1_14' title="bbox 237 622 1430 677; baseline 0.001 -13"><span class='ocrx_word' id='word_1_40' title='bbox 237 622 364 664; x_wconf 81' lang='lat' dir='ltr'><strong>Cuius</strong></span> <span class='ocrx_word' id='word_1_41' title='bbox 398 635 502 676; x_wconf 87' lang='lat' dir='ltr'><strong>aper</strong></span> <span class='ocrx_word' id='word_1_42' title='bbox 533 627 726 664; x_wconf 89' lang='lat' dir='ltr'><strong>tenerum</strong></span> <span class='ocrx_word' id='word_1_43' title='bbox 761 622 1050 676; x_wconf 75' lang='lat' dir='ltr'><strong>discerpserat</strong></span> <span class='ocrx_word' id='word_1_44' title='bbox 1074 624 1235 677; x_wconf 85' lang='lat' dir='ltr'><strong>inguen</strong></span> <span class='ocrx_word' id='word_1_45' title='bbox 1267 624 1430 666; x_wconf 91' lang='lat' dir='ltr'><strong>Adonis</strong></span> 
     </span>
     <span class='ocr_line' id='line_1_15' title="bbox 233 693 1334 747; baseline 0.003 -13"><span class='ocrx_word' id='word_1_46' title='bbox 233 694 297 735; x_wconf 90' lang='lat' dir='ltr'><strong>Ite</strong></span> <span class='ocrx_word' id='word_1_47' title='bbox 329 693 455 735; x_wconf 90' lang='lat' dir='ltr'><strong>modo</strong></span> <span class='ocrx_word' id='word_1_48' title='bbox 488 706 672 747; x_wconf 88' lang='lat' dir='ltr'><strong>propere</strong></span> <span class='ocrx_word' id='word_1_49' title='bbox 707 699 748 735; x_wconf 92' lang='lat' dir='ltr'><strong>et</strong></span> <span class='ocrx_word' id='word_1_50' title='bbox 782 694 1001 747; x_wconf 85' lang='lat' dir='ltr'><strong>surgentia</strong></span> <span class='ocrx_word' id='word_1_51' title='bbox 1033 695 1199 736; x_wconf 78' lang='lat' dir='ltr'><strong>noscite</strong></span> <span class='ocrx_word' id='word_1_52' title='bbox 1231 694 1334 737; x_wconf 89' lang='lat' dir='ltr'><strong>fata.</strong></span> 
     </span>
     <span class='ocr_line' id='line_1_16' title="bbox 234 764 1429 819; baseline 0.001 -14"><span class='ocrx_word' id='word_1_53' title='bbox 234 765 324 806; x_wconf 89' lang='lat' dir='ltr'><strong>Iam</strong></span> <span class='ocrx_word' id='word_1_54' title='bbox 357 764 424 806; x_wconf 89' lang='lat' dir='ltr'><strong>fas</strong></span> <span class='ocrx_word' id='word_1_55' title='bbox 458 770 523 806; x_wconf 90' lang='lat' dir='ltr'><strong>est</strong></span> <span class='ocrx_word' id='word_1_56' title='bbox 556 777 723 806; x_wconf 90' lang='lat' dir='ltr'><strong>sacrum</strong></span> <span class='ocrx_word' id='word_1_57' title='bbox 756 777 1004 819; x_wconf 87' lang='lat' dir='ltr'><strong>percurrere</strong></span> <span class='ocrx_word' id='word_1_58' title='bbox 1037 765 1230 819; x_wconf 88' lang='lat' dir='ltr'><strong>protinus</strong></span> <span class='ocrx_word' id='word_1_59' title='bbox 1263 772 1429 807; x_wconf 89' lang='lat' dir='ltr'><strong>antrum</strong></span> 
     </span>
     <span class='ocr_line' id='line_1_17' title="bbox 234 835 1431 890; baseline 0.001 -14"><span class='ocrx_word' id='word_1_60' title='bbox 234 835 288 876; x_wconf 92' lang='lat' dir='ltr'><strong>Et</strong></span> <span class='ocrx_word' id='word_1_61' title='bbox 319 835 452 876; x_wconf 87' lang='lat' dir='ltr'><strong>Musis</strong></span> <span class='ocrx_word' id='word_1_62' title='bbox 484 835 747 888; x_wconf 90' lang='lat' dir='ltr'><strong>Phoeboque</strong></span> <span class='ocrx_word' id='word_1_63' title='bbox 778 835 937 887; x_wconf 89' lang='lat' dir='ltr'><strong>datum,</strong></span> <span class='ocrx_word' id='word_1_64' title='bbox 972 835 1205 890; x_wconf 88' lang='lat' dir='ltr'><strong>sedemque</strong></span> <span class='ocrx_word' id='word_1_65' title='bbox 1231 850 1431 878; x_wconf 84' lang='lat' dir='ltr'><strong>canoram</strong></span> 
     </span>
     <span class='ocr_line' id='line_1_18' title="bbox 235 906 1385 961; baseline 0.002 -14"><span class='ocrx_word' id='word_1_66' title='bbox 235 906 380 948; x_wconf 88' lang='lat' dir='ltr'><strong>Turba</strong></span> <span class='ocrx_word' id='word_1_67' title='bbox 411 912 483 947; x_wconf 92' lang='lat' dir='ltr'><strong>tuo</strong></span> <span class='ocrx_word' id='word_1_68' title='bbox 516 912 688 959; x_wconf 84' lang='lat' dir='ltr'><strong>gratare</strong></span> <span class='ocrx_word' id='word_1_69' title='bbox 722 906 820 948; x_wconf 92' lang='lat' dir='ltr'><strong>duci</strong></span> <span class='ocrx_word' id='word_1_70' title='bbox 854 906 1155 961; x_wconf 86' lang='lat' dir='ltr'><strong>dominumque</strong></span> <span class='ocrx_word' id='word_1_71' title='bbox 1189 921 1385 949; x_wconf 86' lang='lat' dir='ltr'><strong>serenum</strong></span> 
     </span>
     <span class='ocr_line' id='line_1_19' title="bbox 235 977 1415 1032; baseline 0.003 -14"><span class='ocrx_word' id='word_1_72' title='bbox 235 977 445 1031; x_wconf 79' lang='lat' dir='ltr'><strong>Excipite,</strong></span> <span class='ocrx_word' id='word_1_73' title='bbox 479 990 503 1018; x_wconf 95' lang='lat' dir='ltr'><strong>o</strong></span> <span class='ocrx_word' id='word_1_74' title='bbox 536 977 712 1031; x_wconf 85' lang='lat' dir='ltr'><strong>Phrygii</strong></span> <span class='ocrx_word' id='word_1_75' title='bbox 744 991 946 1032; x_wconf 78' lang='lat' dir='ltr'><strong>proceres</strong></span> <span class='ocrx_word' id='word_1_76' title='bbox 980 984 1022 1020; x_wconf 87' lang='lat' dir='ltr'><strong>et</strong></span> <span class='ocrx_word' id='word_1_77' title='bbox 1054 979 1185 1032; x_wconf 86' lang='lat' dir='ltr'><strong>Regis</strong></span> <span class='ocrx_word' id='word_1_78' title='bbox 1218 979 1415 1021; x_wconf 80' lang='lat' dir='ltr'><strong>honores,</strong></span> 
     </span>
     <span class='ocr_line' id='line_1_20' title="bbox 233 1048 1431 1102; baseline 0.002 -13"><span class='ocrx_word' id='word_1_79' title='bbox 233 1048 346 1090; x_wconf 88' lang='lat' dir='ltr'><strong>Vera</strong></span> <span class='ocrx_word' id='word_1_80' title='bbox 376 1049 538 1102; x_wconf 90' lang='lat' dir='ltr'><strong>loquor,</strong></span> <span class='ocrx_word' id='word_1_81' title='bbox 572 1049 674 1090; x_wconf 91' lang='lat' dir='ltr'><strong>mihi</strong></span> <span class='ocrx_word' id='word_1_82' title='bbox 705 1050 829 1090; x_wconf 89' lang='lat' dir='ltr'><strong>testis</strong></span> <span class='ocrx_word' id='word_1_83' title='bbox 862 1049 987 1090; x_wconf 86' lang='lat' dir='ltr'><strong>adest</strong></span> <span class='ocrx_word' id='word_1_84' title='bbox 1018 1049 1169 1091; x_wconf 89' lang='lat' dir='ltr'><strong>vitiata</strong></span> <span class='ocrx_word' id='word_1_85' title='bbox 1201 1050 1279 1091; x_wconf 90' lang='lat' dir='ltr'><strong>sub</strong></span> <span class='ocrx_word' id='word_1_86' title='bbox 1313 1057 1431 1091; x_wconf 89' lang='lat' dir='ltr'><strong>arcto</strong></span> 
     </span>
     <span class='ocr_line' id='line_1_21' title="bbox 235 1120 1322 1173; baseline 0.002 -13"><span class='ocrx_word' id='word_1_87' title='bbox 235 1120 339 1161; x_wconf 86' lang='lat' dir='ltr'><strong>Cum</strong></span> <span class='ocrx_word' id='word_1_88' title='bbox 372 1126 474 1161; x_wconf 91' lang='lat' dir='ltr'><strong>nato</strong></span> <span class='ocrx_word' id='word_1_89' title='bbox 507 1126 649 1168; x_wconf 71' lang='lat' dir='ltr'><strong>vestre</strong></span> <span class='ocrx_word' id='word_1_90' title='bbox 683 1120 852 1173; x_wconf 89' lang='lat' dir='ltr'><strong>genitor</strong></span> <span class='ocrx_word' id='word_1_91' title='bbox 882 1120 1086 1162; x_wconf 88' lang='lat' dir='ltr'><strong>fundator</strong></span> <span class='ocrx_word' id='word_1_92' title='bbox 1118 1126 1160 1162; x_wconf 89' lang='lat' dir='ltr'><strong>et</strong></span> <span class='ocrx_word' id='word_1_93' title='bbox 1192 1121 1322 1172; x_wconf 88' lang='lat' dir='ltr'><strong>urbis,</strong></span> 
     </span>
     <span class='ocr_line' id='line_1_22' title="bbox 233 1190 1438 1246; baseline 0.001 -14"><span class='ocrx_word' id='word_1_94' title='bbox 233 1190 469 1243; x_wconf 88' lang='lat' dir='ltr'><strong>Postquam</strong></span> <span class='ocrx_word' id='word_1_95' title='bbox 502 1191 616 1232; x_wconf 81' lang='lat' dir='ltr'><strong>acuit</strong></span> <span class='ocrx_word' id='word_1_96' title='bbox 637 1196 802 1232; x_wconf 89' lang='lat' dir='ltr'><strong>mentes</strong></span> <span class='ocrx_word' id='word_1_97' title='bbox 836 1191 1007 1232; x_wconf 91' lang='lat' dir='ltr'><strong>monitis</strong></span> <span class='ocrx_word' id='word_1_98' title='bbox 1029 1205 1247 1244; x_wconf 88' lang='lat' dir='ltr'><strong>unumque</strong></span> <span class='ocrx_word' id='word_1_99' title='bbox 1270 1192 1438 1246; x_wconf 83' lang='lat' dir='ltr'><strong>redegit</strong></span> 
     </span>
     <span class='ocr_line' id='line_1_23' title="bbox 233 1262 1292 1315; baseline 0.002 -13"><span class='ocrx_word' id='word_1_100' title='bbox 233 1262 282 1302; x_wconf 93' lang='lat' dir='ltr'><strong>In</strong></span> <span class='ocrx_word' id='word_1_101' title='bbox 315 1262 500 1303; x_wconf 87' lang='lat' dir='ltr'><strong>studium</strong></span> <span class='ocrx_word' id='word_1_102' title='bbox 532 1262 701 1315; x_wconf 87' lang='lat' dir='ltr'><strong>vulgus,</strong></span> <span class='ocrx_word' id='word_1_103' title='bbox 734 1262 990 1315; x_wconf 88' lang='lat' dir='ltr'><strong>fervoreque</strong></span> <span class='ocrx_word' id='word_1_104' title='bbox 1023 1263 1132 1304; x_wconf 78' lang='lat' dir='ltr'><strong>rexit</strong></span> <span class='ocrx_word' id='word_1_105' title='bbox 1164 1263 1292 1305; x_wconf 85' lang='lat' dir='ltr'><strong>avito.</strong></span> 
     </span>
    </p>

    <p class='ocr_par' dir='ltr' id='par_1_10' title="bbox 233 1333 1513 1813">
     <span class='ocr_line' id='line_1_24' title="bbox 235 1333 1351 1387; baseline 0.001 -14"><span class='ocrx_word' id='word_1_106' title='bbox 235 1333 342 1374; x_wconf 89' lang='lat' dir='ltr'><strong>Tum</strong></span> <span class='ocrx_word' id='word_1_107' title='bbox 377 1333 517 1374; x_wconf 89' lang='lat' dir='ltr'><strong>subito</strong></span> <span class='ocrx_word' id='word_1_108' title='bbox 551 1339 697 1387; x_wconf 85' lang='lat' dir='ltr'><strong>patres</strong></span> <span class='ocrx_word' id='word_1_109' title='bbox 731 1333 884 1375; x_wconf 90' lang='lat' dir='ltr'><strong>ardent</strong></span> <span class='ocrx_word' id='word_1_110' title='bbox 918 1333 1021 1375; x_wconf 89' lang='lat' dir='ltr'><strong>dare</strong></span> <span class='ocrx_word' id='word_1_111' title='bbox 1054 1333 1242 1375; x_wconf 91' lang='lat' dir='ltr'><strong>vultibus</strong></span> <span class='ocrx_word' id='word_1_112' title='bbox 1277 1347 1351 1375; x_wconf 90' lang='lat' dir='ltr'><strong>ora</strong></span> 
     </span>
     <span class='ocr_line' id='line_1_25' title="bbox 235 1403 1513 1459; baseline 0.002 -15"><span class='ocrx_word' id='word_1_113' title='bbox 235 1403 344 1444; x_wconf 89' lang='lat' dir='ltr'><strong>Leta</strong></span> <span class='ocrx_word' id='word_1_114' title='bbox 367 1403 490 1445; x_wconf 87' lang='lat' dir='ltr'><strong>simul</strong></span> <span class='ocrx_word' id='word_1_115' title='bbox 513 1404 773 1457; x_wconf 76' lang='lat' dir='ltr'><strong>dextrasque</strong></span> <span class='ocrx_word' id='word_1_116' title='bbox 796 1404 856 1458; x_wconf 91' lang='lat' dir='ltr'><strong>pii</strong></span> <span class='ocrx_word' id='word_1_117' title='bbox 879 1405 1242 1459; x_wconf 85' lang='lat' dir='ltr'><strong>comprehendere</strong></span> <span class='ocrx_word' id='word_1_118' title='bbox 1265 1403 1307 1458; x_wconf 87' lang='lat'><strong>(1)</strong></span> <span class='ocrx_word' id='word_1_119' title='bbox 1330 1405 1513 1459; x_wconf 85' lang='lat' dir='ltr'><strong>palmas,</strong></span> 
     </span>
     <span class='ocr_line' id='line_1_26' title="bbox 235 1475 1409 1529; baseline 0 -13"><span class='ocrx_word' id='word_1_120' title='bbox 235 1475 503 1517; x_wconf 84' lang='lat' dir='ltr'><strong>Conveniunt</strong></span> <span class='ocrx_word' id='word_1_121' title='bbox 536 1475 716 1527; x_wconf 85' lang='lat' dir='ltr'><strong>alacres,</strong></span> <span class='ocrx_word' id='word_1_122' title='bbox 750 1482 904 1529; x_wconf 88' lang='lat' dir='ltr'><strong>urgent</strong></span> <span class='ocrx_word' id='word_1_123' title='bbox 938 1476 1179 1529; x_wconf 88' lang='lat' dir='ltr'><strong>almumque</strong></span> <span class='ocrx_word' id='word_1_124' title='bbox 1213 1482 1409 1517; x_wconf 90' lang='lat' dir='ltr'><strong>senatum</strong></span> 
     </span>
     <span class='ocr_line' id='line_1_27' title="bbox 233 1546 1385 1600; baseline 0.001 -14"><span class='ocrx_word' id='word_1_125' title='bbox 233 1546 479 1587; x_wconf 87' lang='lat' dir='ltr'><strong>Devolvunt</strong></span> <span class='ocrx_word' id='word_1_126' title='bbox 512 1547 664 1588; x_wconf 90' lang='lat' dir='ltr'><strong>animis</strong></span> <span class='ocrx_word' id='word_1_127' title='bbox 698 1553 740 1588; x_wconf 88' lang='lat' dir='ltr'><strong>et</strong></span> <span class='ocrx_word' id='word_1_128' title='bbox 772 1547 919 1588; x_wconf 88' lang='lat' dir='ltr'><strong>Martis</strong></span> <span class='ocrx_word' id='word_1_129' title='bbox 953 1547 1067 1588; x_wconf 84' lang='lat' dir='ltr'><strong>dicta</strong></span> <span class='ocrx_word' id='word_1_130' title='bbox 1098 1547 1385 1600; x_wconf 82' lang='lat' dir='ltr'><strong>frequentant.</strong></span> 
     </span>
     <span class='ocr_line' id='line_1_28' title="bbox 233 1617 1485 1671; baseline 0.001 -13"><span class='ocrx_word' id='word_1_131' title='bbox 233 1617 288 1658; x_wconf 89' lang='lat' dir='ltr'><strong>Et</strong></span> <span class='ocrx_word' id='word_1_132' title='bbox 309 1623 522 1671; x_wconf 88' lang='lat' dir='ltr'><strong>peragunt</strong></span> <span class='ocrx_word' id='word_1_133' title='bbox 543 1618 739 1659; x_wconf 88' lang='lat' dir='ltr'><strong>consulta</strong></span> <span class='ocrx_word' id='word_1_134' title='bbox 759 1618 968 1671; x_wconf 83' lang='lat' dir='ltr'><strong>Phryges,</strong></span> <span class='ocrx_word' id='word_1_135' title='bbox 991 1631 1244 1671; x_wconf 89' lang='lat' dir='ltr'><strong>omnemque</strong></span> <span class='ocrx_word' id='word_1_136' title='bbox 1266 1617 1485 1671; x_wconf 89' lang='lat' dir='ltr'><strong>requirunt</strong></span> 
     </span>
     <span class='ocr_line' id='line_1_29' title="bbox 233 1688 1405 1741; baseline 0.001 -12"><span class='ocrx_word' id='word_1_137' title='bbox 233 1688 349 1729; x_wconf 87' lang='lat' dir='ltr'><strong>Inter</strong></span> <span class='ocrx_word' id='word_1_138' title='bbox 381 1702 428 1730; x_wconf 87' lang='lat' dir='ltr'><strong>se</strong></span> <span class='ocrx_word' id='word_1_139' title='bbox 462 1702 652 1741; x_wconf 89' lang='lat' dir='ltr'><strong>causam,</strong></span> <span class='ocrx_word' id='word_1_140' title='bbox 687 1694 730 1730; x_wconf 90' lang='lat' dir='ltr'><strong>et</strong></span> <span class='ocrx_word' id='word_1_141' title='bbox 760 1695 889 1731; x_wconf 88' lang='lat' dir='ltr'><strong>vento</strong></span> <span class='ocrx_word' id='word_1_142' title='bbox 924 1689 1027 1730; x_wconf 82' lang='lat' dir='ltr'><strong>dant</strong></span> <span class='ocrx_word' id='word_1_143' title='bbox 1061 1689 1244 1730; x_wconf 89' lang='lat' dir='ltr'><strong>carbasa</strong></span> <span class='ocrx_word' id='word_1_144' title='bbox 1276 1689 1405 1730; x_wconf 88' lang='lat' dir='ltr'><strong>lento.</strong></span> 
     </span>
     <span class='ocr_line' id='line_1_30' title="bbox 234 1759 1244 1813; baseline 0 -13"><span class='ocrx_word' id='word_1_145' title='bbox 234 1759 390 1801; x_wconf 86' lang='lat' dir='ltr'><strong>Versat</strong></span> <span class='ocrx_word' id='word_1_146' title='bbox 421 1759 668 1813; x_wconf 89' lang='lat' dir='ltr'><strong>pectoribus</strong></span> <span class='ocrx_word' id='word_1_147' title='bbox 702 1759 831 1801; x_wconf 93' lang='lat' dir='ltr'><strong>dubio</strong></span> <span class='ocrx_word' id='word_1_148' title='bbox 866 1760 1082 1801; x_wconf 87' lang='lat' dir='ltr'><strong>sententia</strong></span> <span class='ocrx_word' id='word_1_149' title='bbox 1115 1765 1244 1811; x_wconf 85' lang='lat' dir='ltr'><strong>motu,</strong></span> 
     </span>
    </p>

    <p class='ocr_par' dir='ltr' id='par_1_11' title="bbox 234 1830 1355 1885">
     <span class='ocr_line' id='line_1_31' title="bbox 234 1830 1355 1885; baseline 0.001 -14"><span class='ocrx_word' id='word_1_150' title='bbox 234 1830 355 1872; x_wconf 90' lang='lat' dir='ltr'><strong>Alter</strong></span> <span class='ocrx_word' id='word_1_151' title='bbox 387 1836 502 1872; x_wconf 90' lang='lat' dir='ltr'><strong>stare</strong></span> <span class='ocrx_word' id='word_1_152' title='bbox 534 1831 701 1885; x_wconf 88' lang='lat' dir='ltr'><strong>probat,</strong></span> <span class='ocrx_word' id='word_1_153' title='bbox 735 1830 912 1872; x_wconf 87' lang='lat' dir='ltr'><strong>festinat</strong></span> <span class='ocrx_word' id='word_1_154' title='bbox 945 1837 987 1872; x_wconf 93' lang='lat' dir='ltr'><strong>et</strong></span> <span class='ocrx_word' id='word_1_155' title='bbox 1020 1831 1128 1872; x_wconf 87' lang='lat' dir='ltr'><strong>alter</strong></span> <span class='ocrx_word' id='word_1_156' title='bbox 1159 1831 1355 1872; x_wconf 86' lang='lat' dir='ltr'><strong>habenas</strong></span> 
     </span>
    </p>

    <p class='ocr_par' dir='ltr' id='par_1_12' title="bbox 234 1901 1254 1952">
     <span class='ocr_line' id='line_1_32' title="bbox 234 1901 1254 1952; baseline 0 -10"><span class='ocrx_word' id='word_1_157' title='bbox 234 1901 297 1943; x_wconf 85' lang='lat' dir='ltr'><strong>Ac</strong></span> <span class='ocrx_word' id='word_1_158' title='bbox 329 1915 453 1944; x_wconf 89' lang='lat' dir='ltr'><strong>curas</strong></span> <span class='ocrx_word' id='word_1_159' title='bbox 486 1915 639 1952; x_wconf 83' lang='lat' dir='ltr'><strong>rerum,</strong></span> <span class='ocrx_word' id='word_1_160' title='bbox 674 1908 793 1943; x_wconf 90' lang='lat' dir='ltr'><strong>tanto</strong></span> <span class='ocrx_word' id='word_1_161' title='bbox 827 1908 1039 1944; x_wconf 85' lang='lat' dir='ltr'><strong>conventa</strong></span> <span class='ocrx_word' id='word_1_162' title='bbox 1072 1902 1254 1943; x_wconf 89' lang='lat' dir='ltr'><strong>tumultu</strong></span> 
     </span>
    </p>

    <p class='ocr_par' dir='ltr' id='par_1_13' title="bbox 234 1971 1377 2167">
     <span class='ocr_line' id='line_1_33' title="bbox 237 1971 1377 2027; baseline 0.002 -14"><span class='ocrx_word' id='word_1_163' title='bbox 237 1971 376 2013; x_wconf 86' lang='lat' dir='ltr'><strong>Corda</strong></span> <span class='ocrx_word' id='word_1_164' title='bbox 407 1973 688 2014; x_wconf 85' lang='lat' dir='ltr'><strong>retardabant</strong></span> <span class='ocrx_word' id='word_1_165' title='bbox 719 1986 930 2027; x_wconf 87' lang='lat' dir='ltr'><strong>responsa</strong></span> <span class='ocrx_word' id='word_1_166' title='bbox 961 1973 1142 2015; x_wconf 88' lang='lat' dir='ltr'><strong>ferenda</strong></span> <span class='ocrx_word' id='word_1_167' title='bbox 1176 1972 1377 2015; x_wconf 80' lang='lat' dir='ltr'><strong>Gradivo.</strong></span> 
     </span>
     <span class='ocr_line' id='line_1_34' title="bbox 234 2043 1303 2098; baseline 0.001 -14"><span class='ocrx_word' id='word_1_168' title='bbox 234 2043 331 2084; x_wconf 91' lang='lat' dir='ltr'><strong>Non</strong></span> <span class='ocrx_word' id='word_1_169' title='bbox 363 2044 475 2085; x_wconf 91' lang='lat' dir='ltr'><strong>ultra</strong></span> <span class='ocrx_word' id='word_1_170' title='bbox 507 2057 663 2098; x_wconf 88' lang='lat' dir='ltr'><strong>passus</strong></span> <span class='ocrx_word' id='word_1_171' title='bbox 695 2045 823 2098; x_wconf 88' lang='lat' dir='ltr'><strong>Tyrio</strong></span> <span class='ocrx_word' id='word_1_172' title='bbox 856 2045 1047 2097; x_wconf 85' lang='lat' dir='ltr'><strong>virgatus</strong></span> <span class='ocrx_word' id='word_1_173' title='bbox 1080 2044 1123 2085; x_wconf 92' lang='lat' dir='ltr'><strong>in</strong></span> <span class='ocrx_word' id='word_1_174' title='bbox 1156 2044 1303 2085; x_wconf 88' lang='lat' dir='ltr'><strong>hostro</strong></span> 
     </span>
     <span class='ocr_line' id='line_1_35' title="bbox 234 2115 1290 2167; baseline 0 -12"><span class='ocrx_word' id='word_1_175' title='bbox 234 2115 406 2155; x_wconf 90' lang='lat' dir='ltr'><strong>Prosilit</strong></span> <span class='ocrx_word' id='word_1_176' title='bbox 437 2115 480 2156; x_wconf 93' lang='lat' dir='ltr'><strong>in</strong></span> <span class='ocrx_word' id='word_1_177' title='bbox 512 2115 710 2165; x_wconf 88' lang='lat' dir='ltr'><strong>medium,</strong></span> <span class='ocrx_word' id='word_1_178' title='bbox 744 2115 860 2157; x_wconf 88' lang='lat' dir='ltr'><strong>fulvo</strong></span> <span class='ocrx_word' id='word_1_179' title='bbox 892 2115 1107 2156; x_wconf 86' lang='lat' dir='ltr'><strong>radiantia</strong></span> <span class='ocrx_word' id='word_1_180' title='bbox 1140 2121 1290 2167; x_wconf 85' lang='lat' dir='ltr'><strong>torque</strong></span> 
     </span>
    </p>

    <p class='ocr_par' dir='ltr' id='par_1_14' title="bbox 235 2185 1443 2583">
     <span class='ocr_line' id='line_1_36' title="bbox 237 2185 1443 2240; baseline 0 -13"><span class='ocrx_word' id='word_1_181' title='bbox 237 2185 357 2227; x_wconf 81' lang='lat' dir='ltr'><strong>Colla</strong></span> <span class='ocrx_word' id='word_1_182' title='bbox 389 2199 545 2239; x_wconf 86' lang='lat' dir='ltr'><strong>gerens</strong></span> <span class='ocrx_word' id='word_1_183' title='bbox 569 2200 707 2238; x_wconf 89' lang='lat' dir='ltr'><strong>ursus,</strong></span> <span class='ocrx_word' id='word_1_184' title='bbox 741 2186 934 2227; x_wconf 88' lang='lat' dir='ltr'><strong>referens</strong></span> <span class='ocrx_word' id='word_1_185' title='bbox 969 2193 1010 2227; x_wconf 90' lang='lat' dir='ltr'><strong>et</strong></span> <span class='ocrx_word' id='word_1_186' title='bbox 1044 2186 1246 2240; x_wconf 83' lang='lat' dir='ltr'><strong>Gorgona</strong></span> <span class='ocrx_word' id='word_1_187' title='bbox 1279 2192 1443 2227; x_wconf 88' lang='lat' dir='ltr'><strong>sectam</strong></span> 
     </span>
     <span class='ocr_line' id='line_1_37' title="bbox 236 2256 1346 2308; baseline 0.001 -11"><span class='ocrx_word' id='word_1_188' title='bbox 236 2256 432 2308; x_wconf 90' lang='lat' dir='ltr'><strong>Pectore,</strong></span> <span class='ocrx_word' id='word_1_189' title='bbox 466 2256 642 2299; x_wconf 80' lang='lat' dir='ltr'><strong>saxifice</strong></span> <span class='ocrx_word' id='word_1_190' title='bbox 675 2257 942 2299; x_wconf 90' lang='lat' dir='ltr'><strong>monstrabat</strong></span> <span class='ocrx_word' id='word_1_191' title='bbox 976 2262 1018 2298; x_wconf 87' lang='lat' dir='ltr'><strong>et</strong></span> <span class='ocrx_word' id='word_1_192' title='bbox 1050 2271 1125 2298; x_wconf 91' lang='lat' dir='ltr'><strong>ora</strong></span> <span class='ocrx_word' id='word_1_193' title='bbox 1157 2257 1346 2305; x_wconf 69' lang='lat' dir='ltr'><strong>Medusc.</strong></span> 
     </span>
     <span class='ocr_line' id='line_1_38' title="bbox 237 2327 1384 2377; baseline 0 -9"><span class='ocrx_word' id='word_1_194' title='bbox 237 2327 330 2377; x_wconf 81' lang='lat' dir='ltr'><strong>Quo</strong></span> <span class='ocrx_word' id='word_1_195' title='bbox 362 2341 448 2369; x_wconf 89' lang='lat' dir='ltr'><strong>non</strong></span> <span class='ocrx_word' id='word_1_196' title='bbox 481 2328 589 2369; x_wconf 88' lang='lat' dir='ltr'><strong>alter</strong></span> <span class='ocrx_word' id='word_1_197' title='bbox 623 2334 714 2370; x_wconf 91' lang='lat' dir='ltr'><strong>erat</strong></span> <span class='ocrx_word' id='word_1_198' title='bbox 746 2342 921 2370; x_wconf 90' lang='lat' dir='ltr'><strong>numero</strong></span> <span class='ocrx_word' id='word_1_199' title='bbox 955 2328 1150 2369; x_wconf 90' lang='lat' dir='ltr'><strong>delectus</strong></span> <span class='ocrx_word' id='word_1_200' title='bbox 1183 2328 1237 2369; x_wconf 93' lang='lat' dir='ltr'><strong>ab</strong></span> <span class='ocrx_word' id='word_1_201' title='bbox 1271 2327 1384 2369; x_wconf 89' lang='lat' dir='ltr'><strong>omni</strong></span> 
     </span>
     <span class='ocr_line' id='line_1_39' title="bbox 235 2398 1297 2453; baseline -0.001 -13"><span class='ocrx_word' id='word_1_202' title='bbox 235 2398 468 2440; x_wconf 88' lang='lat' dir='ltr'><strong>Nobilitate</strong></span> <span class='ocrx_word' id='word_1_203' title='bbox 502 2399 627 2453; x_wconf 89' lang='lat' dir='ltr'><strong>prior,</strong></span> <span class='ocrx_word' id='word_1_204' title='bbox 662 2400 889 2452; x_wconf 85' lang='lat' dir='ltr'><strong>nullusque</strong></span> <span class='ocrx_word' id='word_1_205' title='bbox 924 2399 1143 2440; x_wconf 86' lang='lat' dir='ltr'><strong>decentior</strong></span> <span class='ocrx_word' id='word_1_206' title='bbox 1175 2412 1297 2440; x_wconf 90' lang='lat' dir='ltr'><strong>acres</strong></span> 
     </span>
     <span class='ocr_line' id='line_1_40' title="bbox 236 2469 1319 2524; baseline 0 -14"><span class='ocrx_word' id='word_1_207' title='bbox 236 2469 399 2511; x_wconf 88' lang='lat' dir='ltr'><strong>Virtute</strong></span> <span class='ocrx_word' id='word_1_208' title='bbox 433 2475 697 2524; x_wconf 76' lang='lat' dir='ltr'><strong>exuperante</strong></span> <span class='ocrx_word' id='word_1_209' title='bbox 730 2471 857 2522; x_wconf 90' lang='lat' dir='ltr'><strong>viros,</strong></span> <span class='ocrx_word' id='word_1_210' title='bbox 892 2471 1131 2522; x_wconf 89' lang='lat' dir='ltr'><strong>molemque</strong></span> <span class='ocrx_word' id='word_1_211' title='bbox 1164 2469 1319 2510; x_wconf 87' lang='lat' dir='ltr'><strong>furoris</strong></span> 
     </span>
     <span class='ocr_line' id='line_1_41' title="bbox 236 2539 1292 2583; baseline 0 -2"><span class='ocrx_word' id='word_1_212' title='bbox 236 2539 415 2582; x_wconf 89' lang='lat' dir='ltr'><strong>Inchoat</strong></span> <span class='ocrx_word' id='word_1_213' title='bbox 447 2541 513 2582; x_wconf 90' lang='lat' dir='ltr'><strong>his</strong></span> <span class='ocrx_word' id='word_1_214' title='bbox 545 2541 688 2583; x_wconf 87' lang='lat' dir='ltr'><strong>verbis</strong></span> <span class='ocrx_word' id='word_1_215' title='bbox 722 2548 764 2583; x_wconf 91' lang='lat' dir='ltr'><strong>et</strong></span> <span class='ocrx_word' id='word_1_216' title='bbox 796 2541 945 2582; x_wconf 91' lang='lat' dir='ltr'><strong>mirum</strong></span> <span class='ocrx_word' id='word_1_217' title='bbox 978 2541 1168 2582; x_wconf 87' lang='lat' dir='ltr'><strong>sanctius</strong></span> <span class='ocrx_word' id='word_1_218' title='bbox 1201 2540 1292 2581; x_wconf 81' lang='lat' dir='ltr'><strong>infit</strong></span> 
     </span>
    </p>

    <p class='ocr_par' dir='ltr' id='par_1_15' title="bbox 237 2608 1406 2950">
     <span class='ocr_line' id='line_1_42' title="bbox 237 2608 1385 2665; baseline 0.001 -13"><span class='ocrx_word' id='word_1_219' title='bbox 237 2611 352 2653; x_wconf 89' lang='lat' dir='ltr'><strong>Voce</strong></span> <span class='ocrx_word' id='word_1_220' title='bbox 386 2612 507 2665; x_wconf 90' lang='lat' dir='ltr'><strong>gravi</strong></span> <span class='ocrx_word' id='word_1_221' title='bbox 540 2612 738 2665; x_wconf 87' lang='lat' dir='ltr'><strong>dulcique</strong></span> <span class='ocrx_word' id='word_1_222' title='bbox 772 2612 892 2654; x_wconf 86' lang='lat' dir='ltr'><strong>favet</strong></span> <span class='ocrx_word' id='word_1_223' title='bbox 925 2625 1033 2665; x_wconf 88' lang='lat' dir='ltr'><strong>gens</strong></span> <span class='ocrx_word' id='word_1_224' title='bbox 1067 2608 1104 2650; x_wconf 90' lang='lat' dir='ltr'>T</span> <span class='ocrx_word' id='word_1_225' title='bbox 1107 2624 1212 2665; x_wconf 89' lang='lat' dir='ltr'><strong>roya</strong></span> <span class='ocrx_word' id='word_1_226' title='bbox 1246 2617 1385 2664; x_wconf 88' lang='lat' dir='ltr'><strong>cepto.</strong></span> 
     </span>
     <span class='ocr_line' id='line_1_43' title="bbox 237 2683 1312 2736; baseline -0.001 -12"><span class='ocrx_word' id='word_1_227' title='bbox 237 2683 421 2725; x_wconf 77' lang='lat' dir='ltr'><strong>Maxime</strong></span> <span class='ocrx_word' id='word_1_228' title='bbox 454 2684 663 2725; x_wconf 89' lang='lat' dir='ltr'><strong>bellorum</strong></span> <span class='ocrx_word' id='word_1_229' title='bbox 697 2684 814 2725; x_wconf 89' lang='lat' dir='ltr'><strong>duris</strong></span> <span class='ocrx_word' id='word_1_230' title='bbox 848 2684 919 2736; x_wconf 90' lang='lat' dir='ltr'><strong>qui</strong></span> <span class='ocrx_word' id='word_1_231' title='bbox 952 2683 1126 2724; x_wconf 88' lang='lat' dir='ltr'><strong>numina</strong></span> <span class='ocrx_word' id='word_1_232' title='bbox 1159 2683 1312 2724; x_wconf 89' lang='lat' dir='ltr'><strong>castris</strong></span> 
     </span>
     <span class='ocr_line' id='line_1_44' title="bbox 239 2753 1378 2808; baseline -0.001 -13"><span class='ocrx_word' id='word_1_233' title='bbox 239 2753 377 2796; x_wconf 85' lang='lat' dir='ltr'><strong>Sevus</strong></span> <span class='ocrx_word' id='word_1_234' title='bbox 410 2754 547 2796; x_wconf 87' lang='lat' dir='ltr'><strong>habes</strong></span> <span class='ocrx_word' id='word_1_235' title='bbox 579 2761 769 2808; x_wconf 90' lang='lat' dir='ltr'><strong>nutuque</strong></span> <span class='ocrx_word' id='word_1_236' title='bbox 804 2762 928 2796; x_wconf 89' lang='lat' dir='ltr'><strong>tenes</strong></span> <span class='ocrx_word' id='word_1_237' title='bbox 960 2754 1003 2794; x_wconf 90' lang='lat' dir='ltr'><strong>in</strong></span> <span class='ocrx_word' id='word_1_238' title='bbox 1036 2754 1173 2807; x_wconf 86' lang='lat' dir='ltr'><strong>prelia</strong></span> <span class='ocrx_word' id='word_1_239' title='bbox 1205 2760 1378 2795; x_wconf 91' lang='lat' dir='ltr'><strong>turmas.</strong></span> 
     </span>
     <span class='ocr_line' id='line_1_45' title="bbox 241 2824 1348 2879; baseline 0 -14"><span class='ocrx_word' id='word_1_240' title='bbox 241 2824 317 2866; x_wconf 85' lang='lat' dir='ltr'><strong>Cui</strong></span> <span class='ocrx_word' id='word_1_241' title='bbox 348 2838 476 2879; x_wconf 89' lang='lat' dir='ltr'><strong>reges</strong></span> <span class='ocrx_word' id='word_1_242' title='bbox 510 2831 748 2879; x_wconf 88' lang='lat' dir='ltr'><strong>parentque</strong></span> <span class='ocrx_word' id='word_1_243' title='bbox 783 2825 929 2876; x_wconf 88' lang='lat' dir='ltr'><strong>duces,</strong></span> <span class='ocrx_word' id='word_1_244' title='bbox 964 2831 1006 2866; x_wconf 88' lang='lat' dir='ltr'><strong>te</strong></span> <span class='ocrx_word' id='word_1_245' title='bbox 1039 2825 1163 2866; x_wconf 90' lang='lat' dir='ltr'><strong>miles</strong></span> <span class='ocrx_word' id='word_1_246' title='bbox 1196 2824 1348 2865; x_wconf 90' lang='lat' dir='ltr'><strong>adorat</strong></span> 
     </span>
     <span class='ocr_line' id='line_1_46' title="bbox 238 2895 1406 2950; baseline 0 -14"><span class='ocrx_word' id='word_1_247' title='bbox 238 2895 460 2937; x_wconf 91' lang='lat' dir='ltr'><strong>Armorum</strong></span> <span class='ocrx_word' id='word_1_248' title='bbox 493 2896 770 2950; x_wconf 90' lang='lat' dir='ltr'><strong>peditumque</strong></span> <span class='ocrx_word' id='word_1_249' title='bbox 804 2896 894 2945; x_wconf 71' lang='lat' dir='ltr'><strong>fere</strong></span> <span class='ocrx_word' id='word_1_250' title='bbox 927 2902 969 2937; x_wconf 92' lang='lat' dir='ltr'><strong>te</strong></span> <span class='ocrx_word' id='word_1_251' title='bbox 1002 2896 1116 2937; x_wconf 89' lang='lat' dir='ltr'><strong>mille</strong></span> <span class='ocrx_word' id='word_1_252' title='bbox 1149 2895 1406 2950; x_wconf 88' lang='lat' dir='ltr'><strong>phalanges,</strong></span> 
     </span>
    </p>
   </div>
  </div>
 </body>
</html>
