1898 3278
226 150 270 183 30

224 292 415 346 recipere
449 293 607 335 licebit.
642 294 802 336 PARA.
837 295 923 337 Vos
956 296 1120 338 interea
1153 311 1240 339 rem
1264 299 1379 352 agite
1407 300 1710 353 coquinariam,

226 378 306 418 ego
329 378 497 407 servum
520 366 759 407 Haliactem
783 380 879 407 mox
898 367 980 408 huc
1001 369 1187 409 vinctum
1207 369 1436 412 adduxero.
1460 371 1607 412 HALI.
1627 371 1713 414 Oba

224 448 346 478 secro
390 450 478 478 rem
525 437 665 491 egeris
712 436 875 479 sedulo.
928 438 1081 492 Lingo,
1124 439 1273 494 Serpe,
1314 441 1427 483 hunc
1472 443 1708 495 sequimini.

222 507 463 550 LORARII.
498 508 604 550 Fiat.
638 508 782 550 HALI.
815 509 962 551 Conde
994 511 1176 564 singula,
1208 518 1253 552 ut
1281 512 1380 553 dum
1410 515 1544 555 sacris
1570 515 1709 556 inniti-

224 592 325 630 mur,
371 586 572 620 curantur
613 580 726 621 intus
759 581 930 634 probes,
974 581 1087 622 adsit
1129 595 1267 624 rerum
1307 584 1489 625 omnium
1525 585 1710 628 ubertas.

226 650 399 692 (Jondus
432 664 589 703 coquus
624 652 850 692 curabitur.

388 746 564 800 Gryllus
596 745 841 799 Parasitus,
877 746 1109 798 chlz'aetes,
1147 747 1315 801 Serme,
1351 749 1540 792 Low-arti.

328 819 414 859 Vos
429 818 512 859 huc
527 818 748 871 paulisper
763 818 968 870 secedite,
979 818 1134 860 callide
1149 826 1307 872 tamen,
1325 833 1419 862 cum
1436 835 1511 863 vos
1526 822 1707 876 primum

218 891 473 941 advocasso,
506 903 583 932 vos
606 904 745 931 moras
766 891 959 945 rumpite.
994 890 1157 933 LORA.
1188 892 1367 934 Imodo.
1401 893 1561 933 PARA.
1590 893 1708 935 Heus

218 964 328 1004 bone
362 962 424 1004 vir
455 962 691 1014 Haliactes,
738 961 918 1003 hoccine
964 961 1086 1016 probi
1120 964 1231 1004 servi
1264 964 1451 1005 officium
1466 965 1488 1004 ἶ)
1537 964 1706 1006 Siccine

216 1035 328 1088 frugi
378 1047 546 1075 servum
594 1034 696 1074 11001
743 1034 919 1075 herilem
965 1034 1095 1076 filium
1145 1037 1254 1077 clam
1298 1042 1420 1090 patre
1465 1035 1707 1077 abducier‘?

217 1106 478 1147 HALIACT.
506 1104 626 1154 Quae
645 1112 687 1146 te
710 1106 824 1147 mala
848 1120 950 1147 crux
972 1108 1109 1160 agitat
1130 1107 1319 1159 furcifer,
1344 1107 1521 1148 herilem
1544 1107 1707 1149 filium?

216 1192 341 1231 quem
359 1184 404 1219 tu
427 1177 530 1219 mihi
547 1177 788 1218 Haliactem
808 1178 1004 1219 nominas
1014 1178 1035 1219 ί)
1062 1179 1220 1220 PARA.
1242 1178 1312 1220 Sic
1331 1179 1454 1231 quasi
1474 1192 1558 1220 non
1580 1179 1708 1225 noris,

214 1250 402 1305 lepidum
436 1250 708 1304 mancipium,
744 1250 955 1291 scelerum
989 1264 1181 1293 acervus.
1214 1249 1476 1291 HALIACT.
1509 1250 1551 1291 Is
1578 1250 1705 1292 homo

214 1329 447 1363 monstrum
482 1321 584 1375 agit,
618 1334 759 1375 apage
784 1334 809 1362 a
830 1335 898 1362 me
932 1322 1093 1376 procul,
1129 1322 1229 1375 quid
1252 1335 1319 1363 me
1343 1327 1467 1363 tenes
1501 1322 1705 1363 furiarum

215 1392 422 1434 alumne?
461 1393 619 1434 PARA.
654 1392 805 1446 Lingo,
842 1392 990 1447 Serpe,
1025 1393 1108 1434 11110
1140 1406 1337 1448 propere,
1370 1393 1527 1435 Vincite
1559 1393 1706 1434 masti-

214 1465 342 1518 giam,
374 1472 416 1506 et
439 1464 718 1506 verberonem
741 1465 999 1518 pessimum!
1035 1465 1293 1507 HALIACT.
1317 1465 1428 1515 Quid
1447 1465 1532 1506 feci
1552 1464 1704 1519 depre-

215 1537 360 1578 datum
393 1537 476 1578 11110
510 1550 586 1578 vos
620 1537 825 1590 coepistis
858 1550 1044 1589 nequam
1076 1538 1277 1591 pessumi.
1312 1536 1347 1579 O
1382 1537 1497 1578 cives
1531 1536 1704 1577 Atheni-

215 1621 357 1659 enses,
392 1614 580 1649 vestram
612 1608 791 1661 imploro
825 1607 963 1649 fidem.
997 1608 1157 1649 PARA.
1190 1608 1260 1649 Nil
1293 1622 1400 1662 opus
1425 1613 1491 1649 est
1511 1607 1581 1649 hic
1602 1606 1700 1657 fide,

212 1693 289 1721 nos
322 1686 378 1730 te,
412 1679 648 1733 plagipate,
683 1678 811 1720 hodie
845 1678 898 1719 ob
931 1678 1059 1720 fidem
1083 1685 1197 1720 tuam
1219 1680 1262 1720 111
1285 1680 1507 1734 pristinam
1532 1684 1574 1720 01
1596 1678 1701 1732 lapi-

212 1751 390 1801 cidinas,
426 1750 672 1791 miserrimis
707 1751 905 1804 exemplo
940 1757 984 1791 ut
1019 1751 1077 1792 sis
1111 1751 1308 1802 caeteris,
1349 1751 1419 1803 qui
1453 1750 1701 1792 servitutem

212 1822 402 1864 serviunt
433 1822 577 1864 servis.
611 1821 872 1863 HALIACT.
907 1821 1110 1863 Audesne
1140 1836 1221 1873 me,
1248 1821 1456 1875 flagitium
1486 1819 1700 1875 (liberum)

212 1907 379 1935 servum
403 1893 608 1944 vocarier,
642 1893 768 1934 modo
803 1893 874 1945 qui
893 1893 1164 1946 Aethiopiam
1194 1906 1427 1947 eggressus
1452 1892 1562 1933 sum!
1597 1906 1699 1947 apa-

211 1971 309 2018 gete
332 1978 357 2005 a
380 1978 445 2005 me
468 1970 701 2006 mactutum
726 1964 960 2006 carnifices.
994 1964 1101 2005 Hem
1131 1964 1220 2015 tibi,
1245 1970 1289 2005 ut
1311 1964 1450 2006 denuo
1484 1965 1700 2005 homiuem

209 2035 402 2087 liberum,
438 2049 512 2090 pro
548 2048 671 2077 servo
706 2042 913 2076 autumes.
947 2036 1106 2077 PARA.
1139 2036 1233 2077 Heu
1267 2049 1332 2076 me
1366 2035 1580 2086 miserum,
1615 2034 1700 2076 heu

210 2106 373 2147 Lorarii
392 2107 557 2159 adsitis,
577 2119 750 2159 quaeso.
778 2105 1019 2148 LORARH.
1039 2107 1128 2148 Nos
1147 2107 1182 2148 si
1200 2107 1403 2161 sapimus,
1422 2114 1545 2160 terga
1562 2112 1697 2148 vertess

209 2191 315 2228 mus,
349 2178 547 2220 indamus
581 2178 674 2220 alas
707 2178 919 2232 pedibus3
954 2177 1023 2219 hic
1055 2191 1140 2219 non
1173 2177 1258 2218 alia.
1291 2191 1398 2231 opus
1430 2184 1495 2219 est
1527 2177 1697 2227 fiducia,

212 2249 333 2290 vides
365 2250 519 2303 Lingo,
553 2256 598 2290 ut
630 2249 887 2291 Acherontis
913 2248 1068 2290 ianitor
1099 2249 1212 2290 hunc
1245 2249 1466 2290 contundit
1498 2249 1697 2290 miserum

209 2334 274 2362 me
297 2334 478 2374 sequere
502 2327 707 2373 quantum
728 2327 866 2375 potes.
902 2321 1062 2362 PARA.
1093 2320 1193 2362 Sine
1215 2320 1395 2361 obsecro
1420 2320 1612 2373 quisquis
1636 2333 1695 2369 es,

208 2393 316 2434 liber
349 2401 391 2433 et
424 2392 526 2433 here
560 2392 624 2432 mi.
669 2392 892 2433 HALIAC.
927 2393 945 2434 I
977 2393 1019 2433 in
1053 2391 1280 2432 maximam
1314 2392 1469 2432 malam
1503 2390 1695 2432 crucem!

209 2477 358 2506 servus
397 2464 434 2504 is
467 2463 581 2517 frugi
620 2477 704 2505 non
739 2471 816 2515 051,
853 2465 922 2517 qui
962 2464 1084 2517 quasi
1117 2477 1140 2504 e
1174 2463 1459 2517 promptuaris
1500 2462 1697 2504 fallacias

207 2534 387 2577 callidas
412 2541 456 2575 ut
479 2534 598 2576 lubet
630 2540 825 2589 prompte
859 2548 1054 2589 promere
1088 2534 1247 2587 nequit,
1272 2547 1354 2586 quo
1378 2534 1537 2575 corium
1558 2534 1696 2575 salvet

207 2619 338 2647 suum.
388 2606 444 2646 Di
475 2606 589 2650 boni,
636 2614 819 2658 quantas
853 2607 935 2648 1100
967 2612 1088 2659 tergo
1121 2606 1289 2659 plagas,
1338 2598 1451 2657 quod
1482 2603 1527 2658 (1)
1561 2604 1696 2658 flagra

207 2677 522 2728 sustinuissem,
569 2678 612 2718 ni
647 2677 771 2719 docte
805 2690 1034 2732 personam
1074 2676 1366 2718 mutavissem.
1420 2676 1512 2729 Ego
1558 2675 1695 2717 donec

206 2749 423 2789 fortiorem
456 2755 609 2790 nactus
643 2748 950 2799 adversarium,
984 2747 1083 2789 hinc
1115 2761 1183 2789 me
1215 2747 1387 2802 recipio,
1433 2747 1520 2788 Vos
1552 2746 1694 2788 valete

206 2826 247 2859 et
280 2820 496 2874 plandite;
533 2820 664 2861 castis
697 2820 810 2861 hanc
832 2819 1018 2860 moribus
1048 2818 1280 2860 comoedus
1305 2818 1393 2872 egit
1413 2817 1692 2869 comoediam,

205 2897 473 2943 spectatores
507 2891 666 2944 optimi.
874 2948 935 2989 F·
979 2948 985 2953 .

919 2962 1018 2990 mzs.
