1955 3278
88 564 156 598 435

87 920 156 954 440

89 1277 155 1310 445

90 1632 159 1666 450

90 1987 158 2020 455

91 2342 161 2376 460

93 2698 161 2732 465

1497 131 1565 166 309

238 272 372 314 Totus
395 285 499 325 ager
521 285 783 326 campusque
807 272 1255 327 silent51strepit11sque
1277 280 1494 316 morantur

235 343 333 384 Iura
364 343 458 393 fori,
491 349 720 397 preterque
751 343 910 396 loquax
942 344 1164 397 crebrique
1196 345 1400 386 tumultus

235 413 447 467 Litigiosa
478 420 636 456 vacant
668 419 710 454 et
741 414 878 455 noctis
912 413 1042 456 odore
1074 420 1285 456 tenentur.

236 484 292 525 Ut
325 498 438 538 vaga
470 492 693 526 cesserunt
726 497 749 526 e
783 485 875 533 celo
908 485 1100 538 protinus
1134 492 1250 526 astra

238 554 500 608 Sidereeque
532 556 653 597 faces
685 555 904 609 fulgentes
938 556 1125 598 crinibus
1159 557 1300 598 aureis

235 625 547 679 Condenseque
581 626 663 668 deo
695 626 873 674 tenebre
905 626 991 667 iam
1023 633 1148 668 nocte
1180 634 1357 681 peracta

237 696 504 738 Concessere
537 698 675 738 locum
710 711 761 739 ac
792 698 913 751 nigre
947 697 1144 751 caliginis
1177 698 1323 747 umbre

235 768 546 822 Noctivagique
578 768 703 822 ignes
736 769 899 810 croceis
932 782 1085 810 aurora
1117 769 1284 822 capillis

234 839 348 881 Ecce
380 839 474 891 ruit,
508 852 719 892 roseoque
753 839 838 880 exit
870 840 1108 881 Pallantias
1143 846 1249 882 ortu.

237 910 380 963 Surgit
412 910 654 951 Athlanteis
686 916 784 964 post
817 924 939 951 curru
972 910 1145 959 Phebus
1179 911 1233 952 ab
1265 911 1390 953 undis

235 981 411 1033 Luteus,
446 988 487 1023 et
519 987 666 1023 vectos
699 981 836 1023 niveis
866 981 986 1023 iubet
1015 982 1077 1023 ire
1108 982 1276 1035 iugales

237 1052 386 1094 Clarus
420 1052 555 1106 equis,
589 1053 832 1106 almumque
865 1059 989 1107 parat
1021 1053 1259 1095 diffundere
1292 1055 1447 1096 lumen.

236 1124 419 1165 Laxavit
449 1124 573 1165 iubar
604 1130 650 1166 ut
681 1125 804 1166 terris
838 1130 879 1165 et
911 1124 1112 1167 fluctibus
1144 1125 1242 1166 altis

236 1195 411 1236 Prosilit
442 1195 651 1249 igniferas
685 1195 838 1237 ducem
870 1195 1022 1237 Thetis
1057 1209 1244 1249 aequore
1278 1196 1406 1238 sedes

236 1266 417 1307 Lumine
449 1267 625 1308 retheas
658 1267 743 1308 iam
777 1267 851 1309 Sol
882 1266 1156 1308 rubefecerat
1190 1279 1313 1308 arces

236 1337 483 1391 Exortaque
517 1337 585 1378 die
619 1351 821 1391 proceres
854 1337 910 1379 ad
942 1338 1034 1378 iura
1066 1337 1265 1379 redibant

239 1409 348 1449 Acta
378 1408 471 1450 foro
505 1422 630 1450 mane
663 1415 709 1449 ut
740 1409 881 1450 fuerat
914 1408 967 1450 de
1000 1422 1116 1450 more
1151 1415 1340 1450 senatus.

242 1479 297 1521 Ut
329 1479 508 1532 primum
540 1479 687 1521 videre
720 1479 845 1521 deum
880 1485 922 1521 et
954 1479 1166 1533 fulgentia
1198 1480 1286 1520 tela

239 1550 418 1592 Attoniti
451 1556 654 1604 stupuere
687 1556 847 1604 patres⁷
881 1563 1115 1592 concursus
1148 1550 1204 1591 ad
1237 1563 1379 1592 arcem

237 1621 305 1662 Fit
337 1621 477 1663 subito
511 1627 755 1675 matresque
788 1621 858 1676 pie
890 1622 1155 1675 iuvenesque
1187 1621 1369 1663 ruebant

238 1693 548 1745 Innumereque
581 1706 712 1734 nurus
744 1692 943 1747 precibus
975 1693 1171 1746 votisque
1193 1692 1442 1745 frequentes

240 1764 509 1817 Compellare
542 1777 671 1804 manu
703 1763 857 1818 cupide
890 1764 1080 1818 prescire
1113 1764 1288 1805 maritos

239 1834 543 1888 Cognatosque
578 1848 692 1886 suos,
727 1835 798 1887 qui
829 1848 927 1875 nam
958 1840 1193 1876 conventus
1216 1834 1271 1875 ad
1295 1848 1437 1876 arcem

239 1905 428 1956 Querere
460 1905 704 1947 festinant?
738 1905 830 1955 Que
855 1919 987 1947 causa
1019 1905 1256 1947 adtendere
1289 1913 1428 1947 rostra

237 1977 446 2031 Inpulerit
478 1976 633 2019 cives‘?
665 1990 811 2018 rursus
844 1977 982 2031 magis
1014 1976 1115 2018 inde
1147 1977 1360 2030 rogabant

238 2049 292 2090 Et
314 2048 439 2090 modo
464 2049 593 2102 plena
614 2048 714 2090 viris
740 2048 840 2101 quid
862 2049 935 2089 nul
954 2046 999 2101 (1)
1023 2048 1104 2089 sibi
1127 2048 1244 2088 curia
1267 2053 1464 2101 poscunt.

240 2120 365 2161 Talia
395 2126 588 2168 matrone
621 2119 780 2173 pavida
813 2119 910 2160 dum
943 2124 1085 2159 mente
1118 2124 1346 2172 precantur

240 2190 477 2232 Confestim
509 2191 678 2232 Mavors
712 2191 849 2244 aperit
882 2189 1086 2231 mandata
1118 2189 1327 2230 Tonantis

239 2261 287 2303 In
320 2261 460 2304 medio
493 2268 693 2316 perstans
727 2267 824 2310 cetu
857 2261 1067 2313 turbaque
1101 2266 1315 2314 nepotum.

239 2332 478 2386 Martigene
510 2338 657 2387 patres
692 2332 822 2373 tantis
856 2332 1042 2373 exoluite
1076 2331 1187 2372 curis

239 2404 435 2455 Pectora,
468 2417 548 2445 nec
581 2403 703 2446 vobis
735 2409 908 2444 maneat
939 2416 1076 2445 novus
1108 2403 1189 2444 iste
1216 2402 1434 2444 tumultus.

240 2475 353 2516 Mars
387 2488 468 2528 ego
502 2488 594 2516 sum
627 2479 771 2516 vester
803 2474 914 2514 colui
947 2473 1018 2525 qui
1050 2486 1220 2526 semper
1253 2485 1426 2513 avorum

241 2545 424 2598 Moenia,
458 2545 638 2587 devictis
670 2545 862 2587 victricia
895 2544 1105 2597 signaque
1137 2544 1226 2585 fovi

238 2617 444 2659 Hostibus
477 2624 520 2659 et
550 2617 762 2670 Phrygios
794 2617 908 2657 volui
941 2615 994 2657 de
1026 2616 1196 2657 nomine
1230 2615 1326 2656 dici.

242 2688 432 2743 Iuppiter
464 2693 613 2729 aurato
648 2688 830 2741 supplex
863 2687 1032 2728 demisit
1065 2687 1118 2728 ab
1153 2687 1239 2727 alto

240 2759 294 2800 Et
326 2759 530 2801 mandata
561 2758 678 2799 dedit
710 2758 922 2812 portanda
960 2757 1194 2807 Quiritibus
1228 2757 1363 2798 almis.

242 2830 318 2871 Ille
352 2830 455 2870 mihi
486 2828 675 2883 pandam
706 2829 828 2871 vobis
861 2829 1070 2870 advertite
1104 2841 1237 2882 queso

241 2901 333 2943 Hec
364 2913 521 2954 magno
554 2904 673 2941 tonat
706 2911 778 2940 ore
812 2905 948 2953 pater,
981 2913 1211 2941 numerosa
1243 2899 1417 2941 deorum
