1919 3273
361 127 430 162 398

410 281 454 315 15
509 271 564 312 Et
595 277 737 313 tecum
770 278 894 326 pater
926 278 968 313 et
1000 272 1133 313 frater
1164 269 1441 313 venerabitur
1472 270 1613 322 astris,

568 342 704 384 Mater
736 349 778 384 et
810 343 1005 384 Elisabet
1038 356 1209 396 semper
1241 347 1384 383 amata
1415 354 1586 396 parens.

513 413 771 455 Cardineum
807 427 958 456 cernes
992 421 1034 456 et
1066 414 1199 469 pallia
1230 413 1359 454 rubra
1390 419 1611 454 tenentem

572 484 846 536 Germanum,
881 492 1031 527 sancto
1065 485 1195 527 cinxit
1227 485 1389 526 honore
1423 497 1579 526 comas.

512 555 547 598 O
581 569 708 609 quam
741 557 852 598 letus
889 557 971 598 eris
1006 557 1126 598 senio
1160 556 1385 598 confectus
1419 554 1645 610 Olympum

411 638 455 672 20
571 628 791 670 Advectus
824 628 1040 682 princeps,
1076 642 1170 669 cum
1203 628 1315 670 bene
1349 627 1485 669 stabis
1520 627 1626 669 avis.

511 700 545 741 Ε
578 706 653 741 tua
684 706 726 741 te
759 700 892 741 virtus
926 700 1104 741 extollet
1137 713 1321 753 semper,
1355 699 1542 740 honores

570 771 725 822 Addet,
759 771 944 813 maiores
977 777 1074 825 post
1107 776 1181 811 tua
1212 770 1304 812 fata
1337 770 1468 812 dabit.

364 983 435 1025 Ad
457 984 638 1025 eundem
661 983 806 1026 divum
832 983 1126 1025 Valadz’slaum
1150 983 1382 1039 Hzmyarie
1403 988 1441 1026 et
1469 983 1668 1026 Bohemie
1694 984 1857 1040 Reyem

411 1054 787 1109 inomnparabz'lem
815 1054 890 1108 qui
915 1055 1022 1097 vivet
1047 1060 1251 1109 perpetuo
1281 1055 1486 1108 quoniam
1505 1061 1654 1110 poetas
1680 1061 1807 1099 amat.

514 1175 765 1217 Vuladislae
801 1175 909 1216 meis
943 1188 1114 1229 semper
1145 1175 1421 1217 memorande
1456 1174 1670 1227 Camenis,

575 1246 756 1300 Semper
788 1246 961 1288 Arionio
996 1246 1339 1288 concelebrande
1374 1247 1518 1298 choro,

514 1318 597 1358 Pro
631 1318 794 1359 meritis
827 1331 924 1359 mea
956 1317 1079 1359 Musa
1111 1318 1194 1359 tuis
1228 1318 1419 1360 cantabit
1451 1318 1625 1371 ubique,

571 1391 624 1431 Et
657 1404 809 1444 genus,
842 1403 882 1431 et
916 1403 1086 1441 nomen,
1120 1395 1331 1443 gestaque
1365 1395 1510 1431 vestra
1543 1389 1690 1431 decus.

439 1472 456 1505 1
514 1462 696 1516 Percepi
730 1462 830 1515 quia
863 1462 979 1502 solus
1013 1474 1143 1509 amor,
1178 1461 1449 1514 studiumque
1484 1474 1655 1502 suorum

573 1533 784 1584 Efficeris,
819 1533 944 1574 nobis
977 1546 1062 1573 una
1094 1539 1266 1586 reperta
1299 1533 1433 1586 quies.

514 1605 610 1647 Non
642 1606 838 1657 ingratus
872 1617 958 1656 ero,
993 1618 1072 1645 nec
1105 1604 1213 1645 tanti
1245 1604 1432 1646 muneris
1467 1617 1635 1658 expers,

574 1677 640 1718 De
674 1676 829 1718 vestris
864 1688 1035 1728 semper
1066 1675 1267 1717 laudibus
1299 1675 1394 1730 ipse
1428 1689 1594 1717 canam.

366 1889 437 1930 Ad
459 1889 638 1930 eundem
662 1887 806 1929 divum
839 1887 1136 1929 Tfs'uladz‘slaum
1158 1886 1390 1942 Hmzyamje
1418 1891 1456 1928 et
1481 1886 1680 1937 Bohemic
1704 1900 1858 1942 reyem,

366 1960 572 2002 invictiss.
593 1959 901 2013 potentisaqae
924 1960 973 2000 (Ze
997 1959 1108 2000 mim
1128 1958 1218 2000 ems
1233 1958 1469 2011 presentia,
1492 1957 1635 2000 indole
1657 1963 1693 2000 et
1714 1957 1857 2010 forma

992 2029 1230 2085 eleyamz'ss.

516 2151 726 2204 Principis
760 2150 948 2203 effigiem
983 2151 1114 2200 vultu,
1149 2163 1233 2202 qua
1266 2156 1408 2190 mente
1443 2149 1648 2203 superbit,

575 2221 787 2276 Conspice
821 2221 1119 2262 Dardanidum
1151 2221 1290 2262 forma
1323 2219 1524 2274 suprema
1558 2220 1724 2262 ducum.

515 2293 638 2334 Adde
672 2306 824 2347 precor
855 2293 1026 2334 iaceant
1060 2292 1257 2334 sublimia
1291 2291 1492 2333 Caesaris
1526 2304 1613 2343 ora,

575 2365 726 2417 Tuque
761 2364 1016 2418 superbifico
1049 2364 1184 2405 Roma
1217 2362 1455 2417 supercilio.

439 2448 458 2479 5
516 2435 632 2477 Cede
666 2435 927 2489 triumphata
961 2435 1046 2476 dux
1079 2448 1117 2487 o,
1153 2434 1415 2487 Carthagine
1449 2433 1626 2487 grandis

575 2507 733 2561 Scipio,
768 2520 863 2548 cum
896 2507 1029 2547 titulis
1062 2506 1301 2547 Aemiliane
1334 2505 1431 2546 tuis.

515 2579 594 2620 Hic
626 2585 716 2619 tota
750 2577 918 2632 effigies
951 2578 1117 2631 Regum
1151 2582 1349 2630 spectata
1381 2576 1550 2617 renidet

576 2649 688 2699 Quid
719 2651 882 2702 loquor,
916 2649 985 2690 hic
1018 2648 1218 2702 princeps
1253 2660 1327 2688 ora
1361 2660 1548 2701 superna
1580 2654 1712 2690 tenet.

516 2721 550 2763 O
584 2720 717 2762 foelix
749 2721 951 2775 princeps
986 2719 1208 2761 sublimem
1242 2724 1396 2759 nactus
1429 2717 1648 2770 honorem,

574 2793 632 2833 Es
666 2792 798 2833 decus
832 2799 874 2833 et
907 2791 1086 2845 patriae,
1121 2789 1286 2842 flosque
1322 2788 1562 2842 domusque
1596 2796 1679 2838 tue.
