1955 3278
119 693 186 726 445

121 1047 190 1081 450

124 1402 192 1435 455

124 1757 193 1791 460

124 2111 193 2145 465

124 2469 193 2502 470

1532 113 1599 146 245

237 257 436 311 Turpiter
468 264 509 298 et
543 257 757 298 Thurcam
791 270 946 310 magno
980 270 1165 298 memore
1198 257 1392 309 fugatum

297 327 510 381 Compulit
543 327 598 369 ad
630 327 825 381 proprios
859 340 990 380 saepe
1024 326 1163 368 redire
1196 328 1321 368 lares

237 399 360 440 Hunc
392 398 529 439 timuit
557 398 778 452 pulchrum
812 397 980 438 Latium
1014 397 1221 450 fortisque
1255 397 1486 449 Bohemus,

295 469 529 522 Euganeus
562 468 745 522 populus
778 468 1191 521 Hyppophagusque
1227 467 1404 518 Gothes,

236 540 327 581 Axe
361 539 439 581 sub
472 541 628 581 Arctoo
661 539 789 593 positi
821 540 998 580 timuere
1032 539 1195 585 Poloniq

295 612 350 652 Et
383 623 488 663 quos
521 610 687 652 occidui
719 611 871 651 littoris
905 623 1006 651 arva
1039 617 1199 651 tenent.

237 682 345 723 Nam
380 695 549 734 semper
581 694 761 734 magnos
795 682 989 735 agitabat
1022 688 1164 722 mente
1198 682 1448 735 triumphos,

299 752 443 795 Gessit
477 759 517 793 et
549 752 709 793 invicta
742 765 950 806 prospera
982 752 1097 794 bella
1132 766 1269 792 manu.

238 824 373 865 Maior
404 823 650 864 Alexander
682 823 821 864 fuerat
853 836 938 864 non
971 823 1187 865 Hannibal
1220 824 1305 874 illo7

300 894 474 936 Fuderit
506 894 720 935 Ausonios
742 894 753 916 ¹
785 900 846 935 tot
878 895 978 935 licet
1010 894 1081 935 ille
1116 893 1261 935 duc-es.

239 966 331 1008 Nec
362 965 487 1007 bellis
520 965 691 1016 Marius,
727 966 843 1006 clara
875 965 1030 1006 virtute
1064 965 1276 1015 Metellus,

300 1036 474 1077 Pelides
508 1036 643 1090 gestis
676 1036 934 1089 Attiliusque
967 1036 1063 1078 fide.

241 1108 441 1149 Crebrius
473 1107 541 1148 hic
573 1108 705 1148 voluit
738 1107 928 1148 Venetos
966 1107 1126 1149 bellare
1160 1108 1383 1161 superbos,

299 1179 435 1233 Impia
468 1178 545 1219 sed
578 1178 749 1218 minime
783 1178 873 1219 fata
907 1177 1066 1219 dedere
1101 1178 1282 1219 modum.

242 1251 461 1291 Hactenus
494 1249 607 1290 hunc
641 1249 676 1290 si
708 1262 793 1290 non
826 1249 1016 1290 crudelia
1050 1249 1141 1290 fata
1174 1250 1385 1298 tulissent,

302 1321 398 1362 Non
432 1321 556 1362 modo
590 1321 839 1361 Pannoniae
873 1334 1006 1373 regna
1042 1321 1201 1361 minora
1234 1320 1386 1363 forent.

245 1393 465 1434 Hactenus
500 1391 732 1432 horrisonis
767 1392 802 1432 si
836 1391 1113 1445 perdurasset
1145 1392 1187 1432 in
1222 1393 1364 1443 armis,

300 1463 380 1504 Vix
413 1461 613 1504 Thurca2
649 1462 847 1503 stabilem
882 1469 1029 1516 posset
1063 1463 1223 1504 habere
1257 1463 1410 1505 locum.

242 1534 337 1575 Non
371 1534 498 1575 etiam
533 1534 710 1587 querula
744 1547 819 1574 sua
852 1547 1009 1587 magna
1040 1534 1233 1587 potentia
1266 1534 1431 1575 Budam

301 1605 516 1658 Liquisset
550 1605 777 1653 celebrem,
813 1618 922 1657 quae
956 1605 1082 1646 modo
1115 1612 1254 1646 mesta
1287 1606 1430 1658 gemit.

242 1677 359 1717 Illius
393 1690 469 1717 arx
502 1677 671 1717 minime
707 1677 916 1717 sensisset
949 1677 1067 1717 celsa
1100 1677 1244 1717 ruinas

304 1747 375 1788 Sic
407 1747 578 1788 nimium
613 1753 800 1797 truncas,
836 1747 1021 1788 daedala
1055 1753 1182 1795 tecta„
1218 1748 1351 1788 simul.

245 1819 458 1859 Durasset
490 1819 631 1872 potius
666 1818 813 1859 solidis
848 1819 925 1859 sed
959 1819 1058 1859 nixa
1091 1819 1313 1866 columnis,

304 1890 356 1930 Et
391 1897 520 1943 caput
552 1890 593 1930 in
627 1896 715 1931 toto
749 1890 928 1930 forsitan
963 1890 1064 1931 orbe
1098 1889 1220 1931 foret.

245 1961 356 2002 Nota
388 1961 539 2014 loquor
571 1961 758 2006 111111111111,
792 1974 861 2001 res
894 1974 978 2002 11011
1015 1967 1080 2001 est
1113 1974 1225 2001 vana
1258 1961 1464 2015 profecto,

302 2032 411 2073 Nam
446 2045 524 2073 sua
557 2038 654 2073 sunt
688 2033 850 2073 cunctis
885 2033 1059 2085 cognita
1092 2038 1217 2085 gesta
1248 2032 1368 2073 locis.

245 2102 434 2144 Auxerat
466 2103 534 2144 hic
566 2103 747 2157 patriam
781 2103 956 2143 multum
989 2102 1184 2155 finesque
1216 2109 1416 2154 remotos7

305 2174 542 2215 Immensas
575 2175 704 2215 etiam
736 2174 940 2228 providus
974 2173 1091 2214 auxit
1125 2187 1241 2227 opes.

244 2245 450 2287 Omnibus
484 2258 506 2286 6
538 2246 663 2287 terris
697 2259 843 2286 aurum
878 2245 958 2286 sibi
993 2251 1145 2298 sponte
1178 2244 1390 2297 ferebant,

303 2316 356 2356 Et
388 2322 548 2357 teretes
581 2330 787 2369 gemmas,
824 2316 971 2357 Serica
1004 2316 1130 2361 dona,
1165 2323 1290 2369 togas

241 2387 321 2428 Vix
354 2387 502 2428 habuit
534 2387 664 2428 talem
697 2400 897 2441 pompam
930 2387 1116 2427 fortasse
1152 2387 1340 2437 deorum,

301 2459 511 2500 Maximus
543 2459 585 2500 in
619 2460 734 2501 celso
770 2459 960 2513 Iuppiter
992 2459 1085 2513 ipse
1118 2459 1230 2512 polo.

243 2530 334 2571 Nec
367 2530 503 2571 tenuit
535 2530 659 2571 terris
693 2531 920 2583 aequalem
953 2529 1092 2570 forte³
1126 2536 1336 2583 paratum,

304 2600 465 2642 Caesar
496 2601 663 2642 habens
696 2602 806 2642 vasti
840 2602 1012 2642 climata
1044 2614 1202 2654 magna
1236 2601 1329 2651 soli,

244 2671 284 2713 Is
318 2673 488 2724 qualem
520 2672 656 2713 tenuit
688 2673 831 2713 luxum
865 2672 1108 2726 pariterque
1143 2671 1355 2720 decorem,

307 2742 424 2783 Illius
458 2749 500 2784 et
534 2744 705 2795 qualem
739 2743 855 2784 curia
889 2742 1166 2796 temporibus.

248 2893 257 2912 ¹
284 2893 446 2928 Asonios
470 2894 512 2928 A.
553 2893 565 2911 '·'
585 2894 748 2928 Thurcas
774 2895 816 2928 A.
842 2894 1014 2937 Apponyi
1040 2904 1072 2937 p.
1098 2894 1238 2927 t'or'olve
1259 2904 1299 2927 az
1320 2905 1346 2927 s,
1394 2893 1406 2912 ³
1424 2893 1542 2928 fortae
1568 2894 1619 2927 A.
