1919 3273
328 138 396 170 482

331 283 401 335 qui
432 283 520 326 vita
552 283 736 326 honeste
768 283 905 326 functi
937 290 1035 325 sunt
1066 284 1268 326 laudibus
1301 298 1395 327 cum
1422 285 1569 339 primis
1602 285 1824 336 delectari,

331 362 372 397 et
404 355 530 397 huius
564 355 711 409 scripti
743 354 993 397 authoribus
1026 356 1287 409 peramicum
1315 369 1413 398 esse
1437 357 1694 410 cognovi...
1729 357 1825 408 Qua

329 428 371 468 in
403 440 449 468 re
481 427 762 469 vehementer
794 426 994 479 equidem
1017 427 1188 480 gaudeo
1213 428 1451 469 enitescere
1477 427 1661 469 studium
1688 428 1822 471 Reve-

329 498 573 540 rendissimi
596 497 800 552 Episcopi
822 497 1155 552 Vesprimiensis
1178 499 1351 540 Domini
1373 499 1543 540 Martini
1566 513 1592 540 a
1607 499 1822 552 Kecheth,

331 570 401 623 qui
433 570 602 623 magnis
634 569 837 623 passibus
871 569 925 610 ad
960 584 1068 622 eam,
1104 583 1228 623 quam
1263 571 1502 612 avunculus
1533 572 1624 612 eius
1658 571 1824 626 episco-

329 654 478 695 porum
523 640 721 694 optimuS‚
766 640 966 694 idemque
1014 642 1308 683 Cancellarius
1353 643 1499 696 regius
1544 642 1597 684 D.
1631 642 1824 684 Thomas

330 712 549 753 Zalahaza
592 712 742 754 vivens
788 718 1080 765 consequutus
1114 720 1193 764 est,
1240 714 1419 767 gloriam
1453 713 1598 755 fausta
1638 713 1822 755 oninium

331 783 641 825 acclamatione
666 784 897 834 contendit,
923 784 989 825 cui
1011 798 1077 825 me
1102 784 1330 837 diligenter
1353 784 1654 827 commendare
1677 786 1823 826 memi-

330 856 456 896 neris.
491 855 610 896 Bene
643 856 754 897 vale.
791 855 1024 897 Cracoviae
1058 856 1193 897 Nonis
1215 856 1337 900 Iunii.
1373 857 1495 898 Anno
1518 862 1617 911 post
1641 855 1823 898 Cristum

330 932 474 968 natum
508 926 732 968 Millesimo
767 927 1111 981 quingentesimo
1146 927 1478 981 quadragesimo
1512 935 1677 981 quarm.

331 1145 370 1185 p.
393 1129 459 1173 16.
499 1129 686 1171 Thomae
708 1129 942 1183 Zalahciea,
966 1129 1179 1183 Episcopo
1201 1128 1408 1184 Ayriensi
1430 1143 1478 1171 ac
1503 1128 1823 1182 Vesphmiensi,

410 1206 447 1243 et
478 1201 623 1257 Requi
654 1201 914 1256 Hmzyarz'ae
941 1200 1207 1243 szeellario
1239 1201 1440 1243 Lazarus
1467 1201 1744 1243 Bonamicus.

480 1310 672 1351 Thomae
705 1310 906 1351 Zallazae
941 1310 1059 1351 cordi
1090 1310 1316 1364 pietasque
1349 1309 1544 1362 fidesque

538 1382 650 1422 Dum
682 1382 798 1433 vixit,
833 1381 925 1433 fuit,
958 1382 1042 1423 hac
1074 1382 1146 1434 qui
1177 1382 1410 1422 tumulatus
1442 1381 1571 1422 humo
1595 1388 1673 1432 est,

480 1453 610 1506 Agria
643 1466 725 1506 quo
757 1458 927 1507 poterat
955 1453 1125 1507 jactare
1158 1453 1349 1495 antistite
1383 1465 1494 1504 sese,

539 1525 593 1565 Et.
625 1531 715 1566 tota
749 1524 946 1566 auriferis
978 1525 1198 1567 Pannonis
1231 1538 1306 1566 ora
1332 1525 1465 1578 jugis.

480 1597 734 1638 Pontificum
768 1598 891 1639 civile
926 1596 996 1638 dei
1024 1597 1098 1650 jus
1132 1596 1350 1648 hauserat,
1385 1596 1447 1637 uti

539 1668 593 1709 Et
624 1668 772 1722 lingua
805 1668 985 1710 dederat
1015 1668 1218 1709 Phoebus
1251 1674 1431 1721 utraque
1464 1668 1570 1722 pari.

479 1739 724 1781 Extinctum
747 1740 859 1781 hunc
879 1739 1044 1791 Latiae,
1069 1753 1254 1792 graecae
1275 1739 1434 1781 flevere
1458 1753 1692 1781 camoenae

541 1812 595 1852 Et
627 1812 804 1853 moestis
836 1810 955 1852 fiuxit
986 1811 1217 1865 languidus
1248 1811 1359 1852 Ister
1391 1811 1526 1864 aquis.

670 2029 711 2068 p.
738 2013 821 2067 18„
847 2013 914 2057 19.
948 2013 1104 2055 Eidem
1143 2013 1292 2069 Geory.
1327 2013 1486 2068 Loqus.

481 2157 489 2165 .
517 2157 524 2165 .
552 2157 558 2164 .
582 2123 788 2164 Doctrina
809 2122 1006 2176 insignis,
1035 2122 1277 2175 linguarum
1302 2120 1488 2173 quinque
1511 2120 1673 2174 peritus

544 2195 764 2236 Romanae
798 2200 897 2236 ante
931 2193 1039 2235 alios
1075 2193 1403 2247 Caecopiaeque
1438 2192 1512 2234 sui.

361 2410 400 2450 p.
426 2394 494 2440 33.
529 2396 762 2439 Franczseo
795 2395 949 2438 Comz'tz'
976 2410 1002 2436 a
1036 2393 1406 2449 Fraozyapam'bus
1435 2392 1791 2446 Arehiepiseopus

708 2467 922 2510 Colocensz'
956 2465 1212 2508 Valentinus
1244 2464 1446 2507 Eccht'us.

480 2577 757 2618 ...Nestora
790 2576 982 2626 consilio,
1018 2575 1267 2617 Ciceronem
1300 2575 1464 2615 vicerat
1496 2586 1582 2624 ore,

536 2649 589 2689 Et
620 2648 782 2702 pietate
815 2648 971 2698 Titum,
1005 2647 1213 2700 religione
1248 2646 1441 2687 Numam.

329 2813 474 2848 Litteris
500 2812 712 2856 Hieronymi
729 2811 888 2846 Vietoris
906 2812 1123 2854 impressus,
1141 2821 1235 2844 nunc
1255 2820 1341 2844 vero
1362 2808 1594 2844 Praefatione
1612 2807 1820 2850 Hungarica

330 2877 470 2913 auctus,
497 2883 604 2907 secus
632 2875 698 2906 est.
727 2872 888 2906 Viennae
915 2869 1205 2904 MDCCXCVIII.
1235 2868 1382 2914 Vegen:
1414 2868 1678 2912 „Hieronymus
1702 2867 1821 2901 vietor

330 2931 528 2966 Cracoviae
553 2931 767 2966 excudebat.
795 2930 903 2964 Anno
930 2929 1145 2963 MDXLIV,“
