1955 3278
1511 142 1578 173 143

99 284 385 326 innocentiam
408 284 640 338 extirpans,
675 283 808 324 solam
833 282 1128 324 crudelitatem
1156 296 1363 324 summam
1386 283 1581 324 virtutem

99 354 294 405 credens,
329 355 396 395 cui
428 361 640 408 sceptrum
668 353 831 406 regium
857 359 899 394 et
931 353 1241 395 administratio
1265 354 1429 408 imperii
1453 354 1581 395 debe-

98 432 222 467 retur.
270 425 372 466 Cum
406 425 518 466 enim
550 425 634 465 iam
666 425 756 465 fere
789 424 1011 476 Hungaria
1042 424 1084 464 in
1118 424 1262 477 gladio
1298 432 1340 465 et
1373 425 1582 478 sanguine

98 501 309 549 occupata
355 495 519 536 Budam
567 495 730 549 regiam
779 495 924 536 sedem
971 508 1220 548 expugnare
1270 496 1499 546 moliretur,
1542 504 1583 536 et

99 573 241 608 castra
273 566 328 608 ad
360 567 541 620 primum
573 566 627 607 ab
660 566 764 607 urbe
798 565 987 620 lapidem
1018 566 1220 617 locasset,
1259 566 1340 608 hoc
1374 567 1508 608 solum
1542 574 1585 607 et

99 644 333 679 extremum
367 637 431 678 sui
463 637 623 678 laboris
648 649 754 690 opus
789 636 984 687 credens,
1019 636 1133 689 quod
1164 650 1311 690 regem
1344 637 1428 678 iam
1463 638 1582 678 senio

99 708 342 750 confectum
376 721 470 748 cum
502 707 647 748 liberis
682 706 898 749 Ludovico
931 720 1034 759 rege
1067 714 1109 747 et
1142 707 1266 748 Anna
1288 709 1435 761 regina
1458 708 1584 749 inter-

98 779 299 833 cepisset,
333 792 411 820 nec
445 778 627 832 amplius
659 778 932 828 inveniretur,
967 778 1037 830 qui
1070 791 1144 832 pro
1165 779 1339 832 regibus
1374 785 1415 820 et
1446 780 1585 833 patria

98 863 144 891 se
192 856 440 904 opponeret.
489 849 603 890 Ecce
637 849 706 890 hic
752 849 868 890 solus
914 849 1149 891 abstemius
1195 863 1329 890 senex
1369 850 1581 892 herculem

98 920 323 962 audaciam
356 933 593 971 resumens,
633 933 872 972 canumque
907 927 1036 974 caput
1070 920 1288 962 devovens
1322 934 1416 961 cum
1449 921 1583 975 hydra

97 990 320 1033 multorum
354 992 539 1045 capitum
572 991 701 1032 belua
733 991 891 1032 bellum
925 992 1114 1046 suscipit,
1149 992 1266 1033 solus
1300 992 1467 1033 sobrius
1490 1006 1581 1033 cum

97 1063 422 1104 bacchanalium
468 1062 657 1103 exercitu
701 1062 812 1103 inter
844 1076 1003 1103 merum
1038 1070 1079 1104 et
1113 1064 1363 1115 sanguinem
1403 1063 1583 1117 fatigato

97 1133 381 1187 congreditur,
422 1140 463 1174 et
496 1133 629 1175 victor
663 1133 820 1184 evadit,
856 1147 905 1175 ac
938 1134 1117 1187 patriam
1154 1141 1195 1175 et
1228 1148 1355 1188 reges
1394 1148 1472 1175 sua
1504 1136 1583 1177 vir-

97 1212 186 1246 tute
210 1219 236 1246 a
258 1211 376 1246 tanto
411 1205 600 1259 periculo
622 1205 787 1248 liberat.
823 1205 976 1258 dignus
1010 1212 1124 1246 certe
1149 1205 1219 1258 qui
1246 1206 1380 1246 instar
1400 1207 1584 1248 numinis

98 1277 320 1327 coleretur,
363 1283 404 1317 et
437 1289 521 1316 non
554 1277 690 1317 solum
734 1276 882 1317 laurea
914 1277 983 1317 vel
1017 1290 1181 1328 querna
1215 1276 1293 1317 sed
1327 1291 1456 1318 aureo
1490 1291 1584 1331 pro-

97 1347 211 1389 fecto
257 1361 415 1389 corona
458 1346 745 1400 insigniretur.
800 1347 938 1388 Tanto
990 1347 1136 1400 utique
1187 1348 1417 1390 mei-obibis
1465 1363 1586 1402 prae-
1606 1356 1799 1388 Muneribus

96 1418 314 1468 ferendus,
349 1424 507 1471 quanto
542 1418 696 1471 dignus
729 1418 821 1467 fuit,
855 1424 900 1459 ut
933 1418 1100 1460 sobrius
1135 1432 1226 1460 cum
1261 1421 1410 1473 paucis
1444 1421 1587 1473 plures

1622 1410 1778 1441 Romanis

1648 1463 1754 1492 vinum

98 1490 300 1539 vinceret,
347 1489 418 1541 qui
462 1489 560 1530 vino
595 1496 846 1530 aestuantes
892 1490 1168 1542 ignominiam
1208 1490 1357 1531 honori
1389 1491 1717 1545 improbi-bi.Uere
1735 1524 1800 1544 non

96 1568 228 1601 tatem
260 1560 403 1601 virtuti
448 1560 743 1602 crudelitatem
777 1561 925 1614 pietati
972 1561 1289 1614 praeferebant.
1339 1561 1587 1603 Mulieribus

98 1644 266 1684 quoque
300 1632 503 1673 Romanis
537 1639 579 1673 et
612 1632 741 1673 totius
776 1632 887 1672 Latii
919 1633 1124 1673 Romulus
1158 1632 1210 1673 ad
1240 1633 1416 1674 vetitam
1450 1634 1586 1674 Vene-

97 1716 186 1744 rem
208 1702 485 1744 inhibendam
511 1709 765 1757 perpetuum
788 1703 874 1744 vini
898 1716 1019 1743 usum
1042 1703 1270 1755 interdicit,
1295 1705 1587 1745 temulentiam

96 1774 233 1827 ipsam
267 1774 519 1828 principium
554 1774 837 1828 corruptionis
869 1775 911 1815 in
944 1774 1131 1815 foemina
1166 1788 1263 1816 esse
1297 1781 1427 1816 ratus.
1464 1775 1587 1826 Quia,

100 1851 144 1885 ut
178 1845 324 1887 scribit
368 1845 460 1886 Val.
496 1846 707 1886 Maximus
740 1846 846 1886 libro
880 1846 930 1887 ΙΙ.
966 1846 1182 1900 proximus
1219 1859 1244 1887 a
1276 1847 1432 1887 Libero
1466 1857 1588 1901 patre

97 1917 454 1971 intemperantiae
500 1917 659 1971 gradus
694 1917 749 1958 ad
782 1918 1078 1959 inconcessam
1112 1918 1323 1959 Venerem
1360 1931 1457 1959 esse
1491 1933 1588 1959 con—

99 1988 250 2029 suevit.
298 1987 591 2041 Quaecunque
637 1989 762 2039 enim,
808 1989 957 2041 inquit,
1004 1988 1194 2029 foemina
1228 1989 1315 2029 vini
1359 2003 1480 2030 usum
1515 1990 1588 2030 im-

98 2058 317 2099 moderate
365 2060 529 2113 appetit
575 2067 617 2100 et
660 2060 885 2101 virtutibus
931 2060 1103 2100 ianuam
1149 2060 1309 2101 claudit
1349 2069 1389 2102 et
1423 2061 1588 2102 deliciis

98 2130 248 2183 aperit.
297 2130 350 2171 At
396 2131 621 2183 sobrietas,
667 2131 907 2184 Augustino
955 2137 1066 2172 teste
1107 2131 1161 2172 ad
1194 2145 1340 2173 sacras
1385 2132 1587 2185 virgines,

99 2199 141 2240 in
189 2200 388 2242 foeminis
433 2201 488 2242 ad
534 2208 690 2242 terram
735 2201 911 2255 deponit
956 2207 1198 2255 aspectum,
1255 2202 1443 2243 ebrietas
1488 2216 1588 2243 vero

102 2270 259 2312 amisso
304 2271 468 2325 pudore
508 2272 820 2314 inverecundos
858 2273 982 2326 erigit
1026 2274 1178 2314 vultus.
1229 2273 1450 2315 Sobrietas
1495 2287 1590 2314 cum

103 2354 267 2382 summa
284 2342 570 2396 trepidatione
591 2349 632 2384 et
650 2343 818 2385 silentio
837 2343 1200 2397 irreprehensibili
1224 2345 1377 2385 emittit
1398 2345 1587 2389 verbum,

101 2412 287 2454 ebrietas
321 2426 421 2454 vero
454 2414 767 2467 impudoratum
811 2414 914 2455 facit
946 2415 1161 2456 foeminae
1195 2424 1237 2456 et
1276 2429 1515 2456 sermonem
1549 2423 1590 2456 et

100 2483 272 2524 vultum.
324 2483 546 2526 Sobrietas
591 2486 703 2526 enim
747 2486 790 2526 in
835 2486 1022 2526 foemina
1068 2486 1221 2527 mentis
1256 2493 1298 2527 et
1333 2499 1488 2527 sensus
1522 2493 1588 2527 est

100 2554 381 2596 membrorum
415 2556 600 2596 omnium
625 2557 900 2610 corporisque
924 2557 1071 2607 tutela,
1096 2557 1308 2598 castitatis
1331 2557 1589 2611 pudiciciae-

101 2638 182 2678 que
216 2626 532 2677 munimentum,
566 2627 719 2679 pudori
742 2628 948 2681 proxima,
974 2628 1193 2669 amiciciae
1218 2629 1424 2682 pacisque
1450 2642 1587 2678 serva,

100 2696 400 2749 honestatique
435 2710 605 2751 semper
637 2698 877 2750 coniuncta,
913 2698 1217 2751 criminumque
1252 2700 1435 2741 omnium
1468 2699 1588 2740 vitio-

100 2780 190 2807 rum
212 2767 407 2821 profuga.
432 2768 588 2809 Mutius
614 2769 724 2810 enim
751 2769 963 2810 Scaevola
983 2770 1124 2823 legem
1144 2777 1368 2821 statuerat,
1387 2777 1432 2811 ut
1451 2771 1486 2811 si
1505 2784 1588 2822 qua

100 2838 250 2879 mulier
290 2838 431 2879 vinum
465 2839 646 2880 bibisset
678 2840 855 2881 vestalis
887 2854 1103 2892 nunquam
1139 2840 1227 2882 fieri
1259 2842 1587 2895 permitteretur,

102 2915 143 2949 et
176 2909 229 2949 ab
262 2909 357 2960 hoc,
391 2916 501 2951 teste
535 2910 585 2950 M.
622 2911 797 2958 Catone,
833 2925 922 2952 mos
957 2925 1008 2953 ac
1042 2912 1307 2954 consuetudo
1341 2913 1382 2953 in
1416 2913 1588 2954 civitate

1649 1566 1748 1597 licuit.

1612 2498 1781 2529 Sobrietas

1647 2552 1751 2583 tutela

1618 2606 1778 2635 castitatis

1613 2661 1645 2688 et
1666 2657 1785 2695 pudici-

1623 2710 1692 2740 ciae
1715 2713 1773 2740 est.
