1955 3278
342 130 410 165 326

343 498 434 532 1075

490 274 571 315 Vix
603 273 714 315 altos
746 285 872 314 roseo
906 273 1141 328 spargebat
1173 273 1370 327 Apolline
1405 274 1585 328 pulchra

491 345 693 388 Curribus
725 344 767 385 in
801 344 964 386 croceis
997 345 1147 387 mulier
1179 345 1351 386 Titonia
1384 345 1516 387 eolles

488 415 786 470 Iungebatque
819 429 946 469 pares
979 429 1177 457 remeans
1212 422 1254 458 et
1287 417 1455 470 gurgite
1488 430 1645 471 magno

493 487 605 529 Solis
639 499 773 539 equos
807 487 1053 540 clarumque
1087 487 1199 529 diem
1232 488 1315 528 iam
1348 487 1514 530 fecerat
1546 489 1639 530 axis

489 559 603 601 Eece
635 564 762 599 ruunt
794 558 870 599 leti
902 564 1115 612 concepta
1148 565 1262 600 sorte
1297 557 1459 612 Sybille

491 630 545 671 Et
576 630 755 671 Romam
789 629 952 683 petiere
986 635 1132 683 patres
1167 629 1413 671 melioribus
1446 630 1572 672 horis.

401 784 534 827 Finis
558 783 696 838 primi
728 782 838 834 libri,
885 782 1038 836 incipit
1076 783 1289 825 secundus
1328 784 1385 825 ad
1417 785 1596 826 eundem
1638 799 1776 840 reyem

374 1642 417 1676 10

377 2000 419 2033 15

378 2357 422 2391 20

382 2714 425 2746 25

978 853 1174 897 sereniss.
1196 854 1209 876 ¹

491 986 703 1040 Principis
736 985 902 1027 interea
935 999 1012 1040 per
1042 985 1154 1027 latas
1187 985 1390 1040 panditur
1423 999 1521 1028 oras

491 1058 710 1110 Famaque
743 1056 966 1111 multiplici
997 1056 1134 1098 fatum
1168 1070 1364 1098 sermone
1398 1058 1596 1107 canebat,

495 1129 549 1170 Et
580 1141 793 1183 responsa
826 1140 949 1177 sacre
983 1128 1186 1169 narrabat
1218 1128 1404 1169 maxima
1435 1129 1560 1171 vatis.

494 1200 751 1253 Quantaque
784 1199 981 1252 fatiloqui
1013 1205 1302 1241 monstrarunt
1335 1200 1476 1241 omina
1508 1213 1672 1242 manes,

494 1272 757 1326 Magnanimi
790 1270 962 1312 tandem
995 1271 1191 1326 pervenit
1222 1271 1353 1325 Regis
1387 1271 1443 1313 ad
1476 1285 1614 1314 aures.

493 1344 692 1386 Protinus
726 1343 872 1385 audito
904 1356 982 1397 per
1014 1349 1132 1384 certa
1165 1344 1339 1385 oracula
1371 1356 1473 1385 vero

493 1416 705 1470 Egregios
739 1415 974 1468 doctosque
1007 1414 1120 1456 viros
1153 1414 1401 1456 transmittit
1433 1414 1490 1456 ad
1522 1414 1667 1456 urbem

495 1488 672 1529 Munere
704 1487 838 1541 legati
870 1486 1103 1540 fungentes
1135 1486 1320 1540 inclytus
1353 1486 1494 1528 heros.

494 1559 549 1600 Hi
580 1558 755 1600 tandem
788 1559 900 1600 lecto
933 1558 1147 1612 petierunt
1180 1558 1351 1612 agmine
1384 1557 1574 1600 Romam.

498 1630 637 1673 Obvia
668 1630 793 1671 turba
825 1629 921 1681 ruit,
954 1642 1198 1683 magnoque
1231 1635 1427 1683 receptat
1459 1629 1636 1670 honore.

496 1702 633 1743 Tecta
652 1702 826 1753 intrant,
856 1702 1094 1755 epulasque
1115 1706 1270 1755 parant
1293 1713 1545 1742 consumere
1567 1706 1708 1743 noctu.

496 1774 553 1816 Ut
587 1773 770 1827 depulsa
802 1772 939 1813 fames
974 1773 1130 1813 circum
1163 1772 1346 1813 lustrare
1379 1777 1593 1813 vetustum

498 1845 589 1887 Hos
621 1845 753 1896 iuvat,
788 1850 829 1885 et
862 1844 1018 1886 veteris
1050 1843 1184 1892 Rome
1218 1850 1416 1897 spectare
1448 1843 1609 1885 ruinas.

497 1916 721 1958 Herculeis
755 1915 927 1969 signata
959 1915 1072 1956 notis
1104 1915 1322 1967 multoque
1355 1914 1503 1956 labore

503 1988 686 2042 Templa
705 1987 854 2030 vident
876 1987 1053 2040 antiqua
1072 1992 1235 2040 patres,
1258 1986 1499 2039 seriemque
1521 1986 1721 2028 ferarum.

499 2059 751 2111 Insubeunt,
786 2058 872 2101 divi
903 2059 1002 2100 latis
1036 2064 1078 2099 et
1110 2063 1301 2099 monstra
1334 2057 1547 2099 domantis

500 2131 549 2172 In
580 2131 745 2173 foribus
779 2130 1057 2185 speculantur
1088 2129 1170 2182 avi,
1204 2130 1374 2171 Lernea
1405 2129 1557 2170 reciso.

501 2204 653 2256 Angue
686 2203 799 2244 iacet
832 2202 980 2256 primo,
1013 2201 1138 2243 nodis
1170 2208 1269 2255 post
1302 2201 1408 2242 dura
1439 2201 1577 2242 leonis

501 2275 645 2328 Terga
679 2274 856 2315 Cleonei
889 2279 1088 2328 spectant
1120 2273 1283 2314 nudata
1314 2272 1496 2314 retortis.

502 2346 626 2387 quta
648 2345 829 2386 Thracis
851 2358 998 2398 equos,
1023 2350 1153 2398 pavet
1174 2344 1273 2386 hino
1294 2341 1609 2397 latrantibusu)
1627 2342 1799 2384 umbras

502 2417 539 2459 A
572 2417 701 2471 stigia
734 2430 829 2458 eum
862 2416 981 2458 venit
1012 2429 1138 2469 aqua,
1173 2415 1393 2457 detractus
1426 2414 1480 2456 ab
1515 2420 1636 2455 antro

502 2489 736 2530 Tartareus
770 2493 929 2539 custos,
963 2488 1184 2541 pestisque
1217 2486 1498 2539 Erymanthia
1530 2491 1662 2527 terret

503 2561 646 2602 Dente
680 2573 771 2610 suo,
807 2565 849 2600 et
881 2559 1036 2600 vietam
1070 2557 1264 2599 distinxit
1297 2570 1506 2599 amazona
1538 2569 1664 2607 nexu,

503 2630 850 2685 Aeripedemque
874 2630 1024 2681 feram,
1059 2634 1102 2670 et
1122 2628 1280 2670 densos
1315 2628 1565 2682 superantia
1584 2640 1726 2669 ramos

508 2702 690 2754 Cornua,
725 2715 805 2743 nec
836 2702 972 2743 levior
1003 2700 1116 2743 vinei
1148 2699 1340 2753 depinxit
1374 2699 1575 2740 alunnum

504 2773 610 2815 Inde
635 2773 786 2826 Lybin‚
820 2772 990 2826 fugiunt
1024 2772 1219 2813 volueres
1244 2769 1565 2824 Stymphalidos
1588 2768 1727 2810 undas

479 2926 489 2946 ¹
515 2926 546 2960 A
576 2926 668 2961 ozim
695 2935 807 2970 arany
832 2924 1020 2965 betiikkeL
1048 2926 1156 2958 vo'ro's
1184 2923 1326 2966 alapon.
