1955 3278
333 121 403 155 298

363 418 404 451 15

362 1489 408 1522 30

362 1846 407 1879 35

361 2203 408 2236 40

362 2560 409 2593 45

366 2915 409 2949 50

509 264 625 306 Inter
657 278 762 307 avos
795 271 966 307 veteres
998 265 1083 307 iam
1115 266 1200 307 iam
1233 265 1481 308 lustrabitur
1512 267 1612 320 igni.

510 336 591 377 Dic
623 336 696 377 ubi
730 335 968 389 comperies
996 336 1079 378 hoc
1101 342 1246 378 nostro
1280 344 1472 391 tempore
1504 337 1649 379 Roma.

508 406 661 448 Martia
694 406 920 460 deposco?
952 407 1077 449 simili
1109 408 1262 449 virtute
1297 407 1498 449 decorum

510 479 650 531 Atque
684 478 778 532 pari
807 479 1020 532 gravitate
1051 478 1216 531 ducem,
1250 479 1498 533 pietateque
1531 485 1653 521 tanta

513 550 773 602 Florentem‚
806 550 1020 604 probitate
1055 563 1133 592 sua
1168 550 1460 604 supereminet
1492 563 1639 592 omnes

511 621 648 664 Crede
672 622 805 664 viros:
839 622 999 676 pariter
1020 635 1164 663 comes
1186 622 1259 662 illa
1281 621 1493 663 modestia
1516 621 1681 663 confert

511 694 624 744 Quot
657 693 781 735 dotes
814 693 941 734 alias:
976 693 1116 747 ipsum
1145 693 1249 734 facit
1282 694 1395 734 alma
1426 693 1621 735 videmus

509 765 676 813 Iustitic
710 765 968 806 documenta
1001 764 1122 816 sequi
1155 765 1411 818 populisque
1446 764 1635 805 subactis

510 837 608 877 Iura
641 843 788 877 tenere
820 836 952 887 iubet7
984 836 1108 888 leges
1142 843 1183 876 et
1216 836 1417 889 gentibus
1451 849 1560 877 esse.

512 908 693 957 Qualem
725 907 836 948 forte
869 912 996 960 putas
1011 905 1032 946 ἶ)
1066 906 1231 959 Regum
1252 907 1346 959 quis
1371 907 1522 948 clarior
1544 906 1663 948 isto‘?

510 979 646 1020 Maior
669 985 710 1020 et
732 979 887 1020 illustri
918 990 1109 1019 memora
1132 978 1226 1030 quis
1249 978 1383 1020 Marte
1408 978 1659 1020 secundus?

510 1051 596 1092 Iste
629 1064 759 1092 manu
791 1050 936 1092 valida
968 1050 1216 1104 germanica
1248 1056 1391 1091 castra
1422 1050 1623 1103 refregit:

512 1121 713 1164 Audaces
746 1121 942 1174 fuditque
975 1121 1129 1162 tubas:
1164 1128 1206 1162 et
1241 1121 1440 1163 Caesaris
1474 1134 1592 1162 arma

511 1194 674 1235 Pressit
707 1199 749 1234 et
781 1193 961 1235 hostiles
995 1193 1215 1247 superavit
1246 1193 1377 1234 milite
1411 1206 1599 1247 campos.

512 1266 623 1306 Dum
656 1278 762 1319 paro
795 1264 1020 1318 gradivum
1055 1264 1299 1306 describere
1333 1265 1438 1305 talia
1469 1270 1591 1306 vates

513 1336 742 1378 Consului:
778 1349 1009 1388 secumque
1042 1336 1193 1377 volens
1227 1335 1488 1377 contendere
1523 1335 1620 1376 dixi.

511 1408 681 1448 Terruit
715 1413 929 1449 extremos
962 1406 1104 1449 valido
1139 1407 1233 1460 quis
1266 1407 1400 1448 Marte
1433 1407 1600 1448 furores

512 1479 685 1521 Victrici
720 1479 891 1520 delatus
926 1478 1072 1531 equo?
1107 1491 1184 1519 seu
1217 1478 1420 1532 grandior
1451 1479 1589 1520 hastis

511 1550 721 1592 Panditur
753 1564 779 1591 a
813 1551 980 1605 superis
1014 1550 1212 1603 quatiens
1245 1550 1477 1592 terroribus
1511 1551 1655 1592 orbem

513 1621 591 1663 Vel
625 1622 719 1674 quis
753 1622 806 1664 ab
840 1622 930 1663 Eoo
964 1621 1080 1663 furor
1111 1622 1266 1676 impius
1300 1635 1380 1662 axe
1413 1622 1590 1663 lacessit

512 1693 708 1746 Agmina,
744 1693 936 1748 depexos
965 1699 1135 1747 spectat
1168 1693 1261 1745 quis
1284 1692 1467 1746 belliger
1498 1691 1663 1734 Indos‘?

511 1764 699 1807 Invictos
731 1765 885 1819 premit
918 1778 1021 1806 ense
1057 1764 1190 1805 duces
1213 1765 1308 1817 quis
1331 1764 1479 1805 fortior
1501 1762 1654 1805 ausis?

512 1836 595 1876 Aut
629 1836 723 1888 quis
755 1836 986 1877 Romuleos
1018 1843 1194 1889 urgetur
1226 1836 1346 1877 adire
1378 1834 1654 1889 triumphos?

512 1907 566 1947 Et
588 1906 766 1949 currus‘?
790 1920 1045 1960 sacrumque
1068 1907 1157 1949 Iovi
1178 1920 1291 1948 nunc
1310 1907 1450 1949 visere
1473 1913 1661 1948 montem
1675 1905 1697 1947 ἶ)

510 1978 693 2032 Tarpeis
727 1978 926 2020 redimire
960 1984 1089 2032 caput
1123 1979 1216 2031 quis
1248 1978 1472 2020 frondibus
1495 1976 1654 2019 ardet?

516 2049 694 2091 Castalii
726 2050 894 2104 Regina
927 2050 1045 2091 chori
1078 2050 1180 2090 mihi
1211 2049 1367 2104 pande.
1406 2050 1587 2091 Triones

512 2121 599 2163 Iste
620 2128 745 2175 parat
763 2128 935 2162 tranare
954 2135 1094 2172 marm,
1115 2121 1282 2175 gelidos
1302 2135 1470 2175 quoque
1493 2121 1694 2176 princeps

512 2193 748 2234 Decertare
782 2193 895 2234 lares
931 2200 973 2234 et
1007 2193 1165 2247 Caspia
1198 2193 1381 2247 perdere
1416 2199 1598 2247 sceptra.

513 2264 815 2317 Bistoniosque
850 2265 983 2316 sinus,
1017 2265 1219 2318 pulchras
1243 2278 1294 2306 ac
1316 2264 1517 2305 Phasidis
1540 2263 1679 2305 undas

515 2336 837 2390 Septenumque
870 2336 1005 2387 lacus,
1038 2336 1170 2376 limen
1202 2336 1383 2376 transire
1419 2334 1596 2389 Canopi.

513 2407 819 2461 Hyrcanasque
852 2408 1007 2461 plagas
1041 2413 1083 2448 et
1114 2406 1225 2448 fusci
1257 2407 1494 2448 Memnonis
1528 2419 1636 2448 oras.

514 2477 835 2531 Occiduumque
868 2479 994 2530 latus,
1029 2478 1268 2531 Tyriosque
1302 2478 1514 2531 attingere
1547 2476 1656 2519 fines

514 2549 652 2590 Prolis
685 2550 910 2603 Agenoreo
944 2549 1125 2604 patriam
1159 2549 1378 2590 morientis
1411 2549 1541 2602 Elyse

512 2621 702 2662 Hostiles
737 2622 874 2663 sevire
907 2628 1086 2675 potens3
1122 2627 1164 2662 et
1197 2621 1298 2661 solis
1331 2626 1534 2673 utrosque

512 2692 779 2733 Perlustrare
803 2692 950 2733 thoros
970 2698 1173 2744 torquens
1196 2692 1494 2733 vehementius
1521 2691 1680 2733 orbem.

515 2762 601 2804 Seu
634 2770 677 2804 tu
710 2764 827 2804 fama
859 2763 1009 2805 volans
1043 2762 1166 2804 nobis
1199 2764 1428 2817 prenuntia
1460 2768 1649 2804 monstra

515 2834 620 2884 Quis
654 2835 856 2888 strepitus
890 2834 991 2875 belli
1023 2833 1202 2887 flagram
1235 2834 1424 2888 Vngaria
1458 2834 1592 2875 sensit

512 2905 724 2959 Tempore
748 2919 829 2958 quo
853 2905 985 2947 Cesar
1004 2905 1117 2959 cepit
1135 2918 1339 2947 concurre
1359 2905 1406 2957 (1)
1424 2902 1485 2958 (Ξ
1499 2903 1581 2958 -re)
1600 2904 1751 2947 castris
