1919 3273
320 96 390 131 354

319 311 392 353 Ad
410 310 591 353 eumdem
612 310 757 354 dimmz
787 312 1085 356 Vuladz‘slaum
1115 314 1344 370 Hmzyarie
1372 319 1410 357 et
1431 315 1631 368 Bolzemz'cg
1650 316 1809 373 Reyem

312 382 657 437 potentissimum
698 397 860 436 semper
891 383 1097 426 invictum
1135 384 1318 428 Carmen
1353 386 1534 441 lyricum
1567 402 1649 441 quo
1682 393 1809 442 poeta

445 453 610 497 indicat
640 454 783 507 ipsum
815 469 901 497 esse
932 457 1149 509 speculum
1181 461 1218 498 et
1251 458 1394 500 lumen
1423 458 1563 514 yemis
1594 472 1682 503 sue.

530 586 728 639 Divaque
762 587 854 628 solo
888 587 1035 640 genita
1067 601 1114 629 es
1147 594 1327 642 parente

601 658 717 699 Hera
748 658 969 709 bellorum,
1010 658 1142 700 decus
1176 672 1199 700 o
1231 659 1381 713 virago

601 729 812 783 Aegidem
844 743 982 783 ponas
1016 730 1236 783 adeasque
1268 731 1354 779 leto

660 800 755 842 Huc
788 814 869 854 age
903 801 1035 842 vultu.

424 894 445 927 5
519 883 671 937 Tuque
704 884 818 925 Mars
851 884 983 938 prolis
1016 885 1185 937 genitor
1218 885 1391 936 Quirine

600 956 733 996 Tutor
766 961 808 997 et
842 962 986 997 custos
1020 956 1143 1005 Latie
1177 957 1364 999 cohortis

602 1027 754 1069 Castor
787 1033 829 1068 et
863 1028 1054 1080 quisquis
1089 1042 1290 1083 superum
1322 1036 1493 1071 tuentur

658 1099 787 1140 Pacis
819 1099 1017 1142 honores,

528 1181 660 1235 Regis
690 1182 838 1224 invicti
868 1182 1001 1236 lyrico
1034 1184 1182 1237 putavi

401 1262 447 1296 10
603 1253 750 1306 Gesta,
786 1253 993 1308 Smyrneo
1026 1254 1256 1296 referenda
1289 1261 1419 1297 cantu

600 1325 737 1367 Posse
772 1326 873 1378 quin
905 1326 1085 1367 demens
1119 1327 1286 1380 aquilas
1314 1327 1521 1369 columbis

661 1396 827 1438 Cedere
861 1397 1013 1439 dicam.

532 1479 636 1530 Quis
669 1481 773 1522 velit
804 1481 957 1523 laudes
990 1487 1180 1523 veterum
1214 1488 1454 1536 parentum,

598 1551 778 1604 Nomen,
814 1559 856 1594 et
889 1566 1052 1594 summo
1086 1553 1305 1595 celebrata
1337 1554 1430 1595 celo

402 1633 445 1667 15
602 1624 738 1665 Facta
769 1624 839 1666 vel
871 1624 1024 1666 castris
1058 1630 1230 1666 strenue
1263 1626 1333 1667 vel
1366 1637 1475 1679 equo

658 1696 870 1751 Tempore
904 1697 1039 1749 pacis.

528 1779 622 1821 Rex
655 1780 830 1833 decens⁷
864 1781 958 1834 quis
991 1787 1033 1822 te
1068 1787 1196 1835 caput
1229 1787 1358 1833 atque
1392 1781 1521 1823 robur

598 1852 733 1906 Regie
766 1853 898 1906 prolis
932 1853 1153 1907 speculum
1188 1852 1406 1905 decusque

599 1923 823 1977 Principes
855 1923 968 1964 inter
999 1924 1148 1965 merito
1181 1923 1387 1965 ferendus

396 2004 443 2038 20
658 1994 778 2036 Unus
810 1995 853 2036 in
886 1995 1027 2036 armis.

528 2077 640 2127 Quid
672 2078 788 2132 prius
819 2079 953 2120 latum
986 2091 1272 2119 memorenme
1304 2091 1481 2131 regnum

599 2151 720 2191 Anne
754 2151 940 2191 munitas
973 2163 1277 2203 numeremque
1311 2156 1448 2191 turres

600 2220 784 2276 Oppida,
820 2235 873 2262 en
896 2234 1032 2273 arces,
1067 2221 1238 2262 domino
1260 2221 1519 2262 inminentes

658 2293 857 2346 Undique
891 2293 1045 2334 celsas

398 2387 443 2420 25
528 2376 595 2418 An
626 2377 762 2418 feram
796 2383 991 2430 sumptus
1023 2376 1198 2417 nimium
1231 2376 1440 2430 superbos

598 2449 652 2489 Et
683 2461 835 2490 manus
867 2449 1016 2501 largas
1045 2447 1206 2488 meritis
1239 2446 1444 2495 ferendis,

599 2519 723 2562 Unde
756 2520 815 2560 nil
848 2532 950 2560 auro
983 2519 1121 2560 levius
1154 2518 1321 2560 videtur

655 2591 747 2633 Nec
781 2591 883 2632 dare
917 2603 1086 2632 census.

528 2673 633 2724 Quis
666 2673 777 2715 ferat
808 2674 934 2715 ludos
967 2673 1241 2725 celebretque
1274 2686 1473 2726 pompam

397 2756 444 2789 30
600 2745 752 2786 Editas
784 2746 882 2786 lucu
916 2745 1023 2786 duce
1056 2751 1098 2785 te
1133 2744 1333 2798 superbo⁷

600 2816 755 2871 Sepius
787 2816 941 2858 vestris
974 2816 1107 2856 titulis
1140 2815 1326 2857 dicatam

659 2888 855 2930 Carmine
888 2888 1012 2930 vatis.
