1955 3278
289 135 356 168 286

286 285 538 333 pretantem.
588 279 702 320 Inter
735 279 844 320 haec
883 277 1115 332 Philippus
1157 278 1293 331 Γαῖον,
1337 279 1496 321 valoris
1531 284 1573 321 et
1612 280 1777 331 gratiae

286 350 452 403 plenus,
486 350 664 403 regique
698 356 842 391 vestro
876 350 1059 391 omnium
1095 349 1402 401 deditissimus,
1441 349 1606 391 Plotini
1639 353 1778 391 textus

286 419 670 473 commentariaqne
713 422 806 474 regi
852 421 1111 472 transcribit,
1152 421 1366 462 volumine
1399 421 1532 475 regio.
1582 420 1778 470 Quinter-

286 492 436 533 niones
470 492 553 533 iam
587 500 674 533 tres
698 498 827 545 atque
861 492 1036 545 triginta
1064 491 1252 545 grandes
1277 499 1375 532 sunt
1398 491 1624 534 absoluti.l
1656 492 1777 543 Vale,

287 571 408 613 sexto
442 563 628 604 Ianuarii
660 563 1090 605 MCCCCLXXXIX.
1125 563 1380 604 Florentiae.

323 748 560 785 Marsilius
585 748 779 785 Fieinus
807 748 1107 785 Florentinus
1133 748 1406 785 Platonicus
1435 748 1738 786 Serenissimo

287 814 558 851 Pannoniae
597 814 697 860 regi
735 814 942 850 Mathiae
983 824 1165 860 semper
1202 814 1377 850 invicto
1419 814 1691 861 suppliciter
1730 823 1779 849 se

867 879 1201 916 commendat.²

405 967 450 1008 Si
483 967 589 1008 mira
621 972 765 1021 potest
811 966 1026 1008 amicitiae
1072 967 1206 1008 virtus
1239 965 1428 1018 efficere,
1475 966 1588 1020 quod
1619 965 1777 1020 Pytha-

285 1039 418 1093 gorici
451 1038 719 1093 pollicentur,
754 1044 799 1078 ut
833 1037 886 1079 sit
919 1038 1046 1078 amici
1080 1038 1246 1079 animus
1274 1038 1317 1078 in
1340 1038 1490 1089 amico,
1526 1043 1642 1079 certe
1665 1050 1778 1078 nunc

285 1123 405 1151 meus
439 1110 605 1150 animus
640 1116 704 1151 est
736 1109 779 1150 in
812 1109 1012 1163 Philippo
1046 1109 1216 1161 Valore,
1263 1109 1333 1162 qui
1366 1122 1503 1163 nuper
1533 1109 1577 1150 in
1609 1109 1777 1150 Panno-

284 1182 396 1222 niam
424 1182 466 1222 in
489 1181 635 1235 primis
670 1180 939 1222 maiestatem
973 1186 1089 1221 tuam
1115 1180 1378 1221 salutaturus
1400 1179 1582 1231 accedit,
1615 1186 1661 1221 ut
1683 1193 1778 1221 cum

284 1253 409 1294 istum
464 1252 680 1294 audiveris
730 1251 981 1306 suppliciter
1030 1252 1304 1299 salutantem,
1357 1251 1591 1292 Marsilium
1637 1251 1777 1305 ipsum

285 1324 504 1366 audivisse
540 1330 582 1365 te
609 1332 746 1378 putes.
780 1323 1095 1365 Desiderabam
1131 1323 1329 1376 equidem
1364 1323 1449 1364 iam
1475 1322 1546 1364 diu
1579 1323 1778 1363 maiesta-

284 1402 369 1437 tem
403 1402 517 1436 tuam
550 1395 691 1436 visere
725 1395 852 1436 isthic
885 1394 1158 1436 desideratus
1193 1408 1218 1434 a
1239 1394 1396 1446 multis,
1429 1393 1612 1435 verebar
1635 1400 1778 1435 autem

284 1481 336 1509 ne
370 1467 482 1508 vires
515 1467 654 1508 minus
675 1466 816 1507 itineri
838 1466 968 1520 longo
1003 1471 1295 1520 suppeterent.
1328 1465 1515 1507 Decrevi
1536 1465 1710 1506 tandem
1733 1464 1777 1506 in

284 1539 440 1580 Valore
475 1538 634 1589 venire,
664 1539 725 1579 ita
746 1537 916 1579 demum
951 1537 1219 1592 praesertim,
1254 1537 1353 1590 quia
1386 1537 1588 1579 viaticum
1612 1550 1777 1578 mecum

285 1611 419 1653 attuli.
464 1610 596 1651 libros
643 1610 820 1650 salutari
867 1609 1022 1650 mentis
1069 1609 1271 1650 alimonia
1309 1609 1475 1662 plenos,
1522 1608 1593 1660 qui
1626 1614 1668 1649 et
1700 1621 1776 1662 pro

284 1682 540 1723 nutrimento
573 1681 616 1722 in
650 1681 719 1722 via
753 1688 794 1722 et
827 1694 902 1735 pro
935 1681 1133 1722 vehiculo
1167 1681 1292 1721 simul
1323 1680 1427 1721 mihi
1446 1679 1597 1721 forent.
1632 1679 1776 1732 Leges

285 1768 388 1807 ergo
421 1753 606 1794 feliciter
638 1752 906 1793 Priscianum
929 1751 1096 1805 Lydum
1119 1751 1445 1805 Philosophum,
1480 1751 1551 1803 qui
1572 1757 1614 1792 et
1637 1750 1776 1792 Theo-

284 1825 449 1880 phrasti
483 1831 525 1866 et
558 1824 799 1865 Aristotelis
845 1830 1031 1865 mentem
1066 1823 1119 1864 de
1155 1836 1284 1864 sensu
1320 1832 1361 1863 et
1393 1822 1701 1875 imaginatione
1735 1828 1776 1862 et

283 1897 505 1938 intellectu
539 1895 766 1949 diligenter
804 1895 1121 1949 interpretatur.
1174 1893 1308 1943 Quem
1343 1893 1542 1946 equidem
1574 1906 1659 1934 non
1693 1898 1776 1933 tra-

286 1968 385 2009 duxi
429 1974 592 2008 tantum
627 1980 649 2007 e
686 1966 866 2019 Graeco,
914 1966 991 2008 sed
1025 1966 1227 2007 brevibus
1268 1965 1395 2006 etiam
1429 1965 1542 2006 notis
1582 1965 1773 2018 exposui.

284 2040 331 2080 In
365 2040 445 2081 hoc
478 2052 580 2080 vero
612 2039 799 2092 legendo
834 2038 962 2092 plane
997 2050 1250 2091 cognosces,
1292 2036 1405 2089 quod
1439 2042 1481 2078 61
1513 2035 1775 2077 Themistius

286 2111 453 2161 asserit,
489 2109 672 2151 eandem
707 2123 804 2151 esse
838 2109 1031 2150 Platonis
1066 2115 1108 2149 et
1140 2107 1382 2150 Aristotelis
1417 2113 1458 2148 et
1487 2106 1777 2161 Theophrasti

286 2183 338 2224 de
372 2189 513 2223 mente
560 2181 831 2232 sententiam,
878 2187 922 2221 ut
962 2193 1047 2221 una
1080 2180 1249 2233 quidem
1296 2178 1492 2220 omnibus
1531 2178 1775 2220 hominibus

287 2254 339 2295 sit
372 2253 619 2305 communis,
655 2260 697 2294 et
731 2266 783 2294 ea
816 2252 1025 2293 duntaxat
1047 2265 1168 2293 mens
1191 2251 1347 2301 divina,
1382 2250 1593 2291 humanas
1615 2249 1775 2302 ubique

285 2331 450 2366 mentes
498 2325 732 2366 illustrans.
799 2324 933 2373 Quem
982 2322 1257 2376 Peripatetici
1307 2322 1572 2363 intellectum
1619 2326 1775 2362 Vocant

286 2402 498 2450 agentem.
545 2395 742 2437 Totidem
787 2408 888 2436 vero
935 2395 1019 2435 sint
1063 2394 1261 2448 propriae
1306 2398 1473 2434 mentes
1518 2391 1774 2442 hominibus,

287 2475 388 2521 quot
421 2476 519 2509 sunt
553 2476 594 2509 61
627 2468 809 2518 animae,
844 2474 971 2519 atque
1005 2465 1087 2506 hae
1122 2464 1316 2506 similiter
1347 2463 1621 2505 immortales.
1657 2461 1775 2512 Quos

285 2540 345 2580 illi
376 2539 620 2580 intellectus
668 2538 887 2579 nominare
933 2536 1164 2591 possibiles
1198 2541 1528 2585 consueverunt,
1573 2533 1617 2575 id
1650 2541 1718 2575 est
1749 2546 1776 2573 a

287 2610 431 2652 divina
475 2617 618 2652 mente
651 2609 914 2651 formabiles.
965 2609 1048 2649 Per
1080 2608 1189 2648 haec
1221 2607 1439 2660 intelliges
1484 2605 1773 2647 Alexandrum

288 2687 329 2722 et
349 2681 566 2723 Averroim
590 2680 834 2722 confutatos
857 2686 899 2721 et
922 2680 1089 2720 animae
1113 2685 1287 2720 nostrae
1312 2677 1577 2719 divinitatem
1600 2688 1773 2731 prorsus

288 2762 512 2805 agnosces,
536 2752 769 2793 Praeterea
788 2765 873 2792 non
898 2750 1203 2804 dedignaberis
1225 2750 1376 2791 librum
1395 2748 1619 2790 Michaelis
1641 2747 1775 2788 Pselli

289 2823 340 2865 de
376 2823 656 2864 daemonibus
689 2823 848 2876 legere,
882 2821 1070 2864 breviter
1090 2834 1115 2861 a
1135 2834 1202 2862 me
1226 2820 1479 2862 traductum.
1516 2818 1597 2869 Qui
1631 2819 1773 2859 Plato-

407 2927 416 2946 ³
446 2927 607 2962 obsoluti
634 2926 682 2960 H.
734 2927 746 2944 ²
772 2937 806 2970 p.
835 2926 914 2959 896.
