1955 3278
112 1043 155 1077 10

114 1399 154 1432 15

112 2109 155 2142 25

113 2464 158 2498 30

1521 109 1589 143 233

670 286 797 319 Liber
820 285 1036 319 secundus.

232 395 276 437 Si
308 408 385 437 vos
419 395 620 436 nobilitas
653 407 951 448 generosaque
985 396 1157 436 nomina
1189 402 1384 450 tangunt,

289 465 372 507 Cur
404 465 542 507 sinitis
574 478 778 519 proavum
813 466 1091 519 suppeditare
1126 466 1294 508 decus?

227 537 379 578 Nonne
413 543 479 577 est
512 535 713 577 dedecori
746 535 912 589 priscos
946 543 1206 590 postponere
1239 551 1393 587 mores,

291 608 321 648 A
354 607 525 661 proavis
558 606 720 648 meritis
754 606 1020 660 degenerare
1054 606 1173 661 piis‘?

228 677 467 720 Ridendum
503 683 568 719 est
601 678 743 731 potius
776 678 909 719 titulis
942 678 1133 731 gaudere
1166 680 1370 733 paternis,

289 749 333 790 Si
366 762 487 790 mens
520 749 686 790 virtutis
718 748 889 803 perdita
921 749 1043 802 fruge
1078 756 1207 791 caret.

229 820 388 861 Fabius
422 819 599 873 egregia
630 820 771 861 fuerat
805 819 857 861 de
892 821 1024 874 stirpe
1059 827 1242 862 creatus.

290 892 368 933 Ast
400 891 528 932 animi
563 891 662 932 vitio
696 890 882 944 perdidit
915 905 1039 933 omne
1073 892 1218 934 decus.

227 962 336 1004 Nam
370 969 597 1016 postquam
630 962 772 1003 fuerat
804 962 961 1003 vitiosa
992 962 1091 1004 labe
1124 969 1311 1015 notatus,

290 1034 383 1075 Non
418 1033 553 1088 potuit
587 1034 726 1087 patria
757 1033 981 1075 nobilitate
1013 1034 1107 1076 frui.

228 1104 366 1155 Quum
400 1104 481 1146 sibi
513 1118 609 1145 mox
642 1105 777 1146 vetuit
809 1105 972 1159 patrios
1001 1105 1291 1147 comsumerel
1323 1119 1479 1147 census

289 1176 488 1218 Urbanus
521 1182 694 1230 praetor
727 1175 780 1217 de
814 1177 1025 1229 gravitate
1060 1190 1150 1218 sua.

229 1246 362 1287 Filius
396 1253 438 1288 et
472 1246 685 1301 Scipionis
719 1254 811 1288 erat
844 1248 1042 1301 genitura
1075 1261 1268 1299 serenus,

288 1318 446 1359 Polluit
480 1324 522 1358 at
554 1318 670 1363 vitio,
706 1318 849 1360 nobile
882 1332 1037 1360 nornen
1070 1319 1198 1360 iners.

229 1389 337 1430 Nam
373 1402 498 1441 quom
522 1387 565 1443 (1)
598 1403 673 1444 pro
708 1389 846 1443 patria
879 1390 1017 1430 timuit
1048 1390 1211 1431 bellare
1245 1391 1438 1441 solerter,

231 1460 317 1502 Sed
351 1473 396 1502 se
431 1461 632 1501 sustinuit
666 1461 812 1514 segnis
846 1461 899 1502 ab
933 1461 1057 1502 hoste
1091 1461 1200 1515 capi.

288 1531 385 1572 Mox
417 1531 557 1573 fuerat
590 1530 802 1585 (merito)2
837 1532 950 1573 laeto
985 1533 1194 1586 spoliatus
1227 1533 1401 1583 honore,

229 1602 321 1644 Nec
353 1602 432 1643 fuit
465 1602 678 1644 admissus
713 1602 855 1644 dicere
888 1604 980 1644 iura
1013 1603 1164 1656 magis.

288 1673 358 1714 Nil
389 1673 518 1727 igitur
549 1687 686 1726 genus
719 1673 923 1725 attribuit,
958 1675 1015 1715 nil
1048 1674 1136 1715 alta
1170 1687 1376 1728 propago,

230 1745 308 1786 Ast
341 1744 536 1786 homines
571 1744 726 1798 dignos
759 1759 880 1786 mens
914 1759 1128 1799 generosa
1159 1745 1276 1787 facit.

288 1816 438 1857 Tullus
472 1823 563 1857 erat
585 1816 799 1869 quondam
821 1818 993 1869 genitus
1021 1816 1073 1858 de
1099 1816 1310 1870 sanguine
1333 1830 1480 1871 parvo,

231 1886 369 1936 Quum
403 1887 484 1929 sibi
516 1887 769 1941 principium
802 1888 963 1929 rustica
995 1888 1098 1929 villa
1131 1887 1261 1929 dedit.

229 1959 283 1999 Et
314 1964 459 1999 tamen
491 1958 714 2012 imperium
746 1959 982 2000 Romanum
1015 1958 1123 1999 rexit
1155 1959 1351 2011 honeste,

288 2029 481 2070 Nominis
514 2035 644 2082 atque
678 2031 743 2071 sui
776 2030 915 2084 gloria
947 2043 1106 2083 magna
1138 2030 1229 2071 fuit.

230 2100 490 2153 Tarquinius
510 2099 524 2122 3
556 2101 731 2143 Priscus
764 2101 931 2143 modico
966 2101 1148 2142 surrexit
1181 2101 1235 2142 ab
1269 2107 1375 2153 ortu,

289 2172 343 2212 At
376 2172 531 2214 virtute
565 2186 643 2213 sua
676 2172 818 2214 nobile
851 2186 1007 2214 nomen
1040 2172 1182 2214 habet.

232 2241 388 2295 Sicque
411 2243 557 2295 velint,
592 2244 739 2290 nolint,
770 2244 961 2295 faveant,
995 2249 1068 2284 aut
1089 2250 1206 2285 astra
1228 2250 1482 2297 repugnent,

289 2314 496 2355 Virtutem
531 2328 702 2369 semper
734 2315 1043 2357 concomitatur
1075 2315 1226 2356 honos.

232 2384 466 2438 Squalidus
499 2392 542 2426 at
574 2399 720 2427 rursus
747 2392 891 2440 torpor
917 2387 1029 2427 iacet
1055 2385 1243 2438 undique
1278 2399 1460 2439 semper,

290 2455 522 2498 Deformes
555 2457 701 2498 vitium
736 2458 947 2512 culpaque
983 2458 1076 2498 sola
1108 2456 1225 2498 facit.

231 2527 416 2569 Maiores
448 2529 580 2570 vestri
612 2542 792 2582 regnum
825 2542 978 2570 rexere
1011 2535 1222 2582 potenter,

291 2598 459 2640 Viribus
491 2599 678 2653 ingenio,
714 2600 978 2653 consilioque
1013 2599 1146 2652 gravi,

234 2667 477 2711 Servabant
507 2669 615 2711 fines
649 2671 810 2724 patrios
844 2670 1114 2724 pugnacibus
1149 2670 1291 2715 armis,

291 2740 374 2781 Pro
408 2741 549 2794 patria
581 2747 803 2796 promptas
837 2741 1069 2782 exhibuere
1102 2754 1265 2782 manus.

236 2890 245 2909 ¹
273 2901 527 2927 consummcre
553 2893 596 2926 A.
647 2892 659 2911 2
687 2893 814 2927 metito
841 2894 884 2926 A.
937 2892 949 2911 ³
976 2892 1180 2935 Tarquinus
1207 2893 1251 2925 A.
