1898 3278
1542 162 1586 194 97

101 306 202 347 dum
236 319 323 347 rem
358 318 623 346 communem
657 306 758 358 agit,
806 305 903 346 dum
938 305 1130 346 destituti
1162 319 1272 359 pene
1306 305 1420 359 regis
1454 318 1584 358 nego—

103 377 212 418 cium
245 382 457 430 procurat,
503 377 632 416 multo
665 377 761 430 plus
794 376 888 417 aliis
933 376 1141 428 omnibus,
1187 390 1312 429 quam
1346 376 1428 417 sibi
1460 382 1585 416 natus

103 447 310 489 videatur.
361 447 503 496 Quare
549 461 629 501 ego
674 447 803 497 illum,
850 460 976 499 quom
1011 447 1255 488 testimonio
1289 447 1430 500 aliquo
1464 459 1585 487 meae

101 531 294 559 summae
313 518 614 559 observantiae
635 517 880 558 donandum
902 523 1137 572 putassem,
1160 517 1273 570 quod
1295 518 1436 571 aliquo
1459 517 1585 559 modo

103 588 380 642 gravissimas
426 589 516 629 eius
562 588 867 642 occupationes
912 589 1089 640 levaret,
1132 595 1173 629 et
1206 590 1326 641 quasi
1362 590 1499 630 minus
1544 590 1585 630 in

103 660 328 714 proscenio
361 660 430 701 vel
460 660 591 700 risum
624 659 844 707 excitaret,
885 660 953 701 vel
985 659 1129 700 arduis
1163 666 1205 701 et
1238 660 1360 701 seriis
1392 661 1587 701 inducias

100 730 289 782 afferret,
323 731 428 772 nihil
460 743 506 772 se
534 731 635 771 mihi
656 731 893 784 promptius
916 730 1081 781 obtulit,
1117 744 1241 783 quam
1276 730 1486 783 ἐγκώμιον,
1511 745 1588 773 seu

104 801 239 843 mavis
287 801 746 843 declamantiunculam
793 801 948 851 dicere,
998 815 1127 856 super
1173 802 1373 843 laudibus
1421 803 1587 856 pulicis,

105 885 231 925 quam
260 872 386 914 modo
415 873 514 914 dum
537 885 669 926 aeger
692 873 906 924 cubarem,
930 873 1011 914 lusi
1035 905 1042 912 .
1067 907 1072 913 .
1098 907 1104 914 .
1139 873 1258 914 Bene
1282 874 1388 915 vale.
1422 873 1586 914 Budae.

105 943 280 985 Calend.
313 943 428 986 Junii
460 944 511 984 M.
528 944 578 984 D.
593 944 709 985 XIX.

103 1123 143 1163 p.
175 1107 271 1166 408.
317 1109 370 1150 R.
403 1109 458 1150 D.
498 1107 673 1164 Georyio
709 1108 919 1162 Episcopo
957 1108 1394 1161 Quianzteecclesiensz'
1420 1108 1587 1152 Caelius

662 1179 954 1234 Calcaynirms
993 1180 1031 1221 S.

224 1300 361 1350 Quom
404 1300 447 1340 in
491 1300 754 1341 Pannoniam
804 1300 1022 1353 profectus
1067 1299 1222 1352 abiis,
1269 1301 1339 1353 qui
1385 1300 1437 1342 de
1483 1301 1590 1342 meis

103 1372 257 1414 studiis
290 1372 537 1413 nonnullam
571 1371 813 1425 opinionem
837 1378 1141 1425 conceperant,
1175 1371 1367 1413 studiose
1391 1379 1433 1413 et
1454 1373 1589 1414 amice

102 1443 333 1485 admodum
367 1443 543 1484 fuissem
578 1449 798 1496 exceptus,
833 1442 938 1483 nihil
971 1442 1152 1483 occurrit
1185 1442 1287 1483 mihi
1310 1443 1587 1489 commodius,

103 1527 188 1567 quo
235 1514 522 1555 existimarem
556 1513 593 1555 ei
627 1514 755 1554 animi
788 1514 871 1555 mei
915 1513 1217 1568 gratitudinem
1264 1527 1392 1568 posse
1427 1515 1589 1564 testari,

105 1598 232 1638 quam
265 1585 301 1626 si
333 1585 546 1626 intestinis
578 1584 838 1626 factionibus
867 1591 909 1625 et
932 1585 1219 1626 simultatibus
1243 1585 1449 1626 distracta
1473 1586 1591 1627 nobi-

104 1656 223 1698 litate
256 1670 342 1698 non
375 1656 468 1697 sine
513 1656 695 1697 maximo
729 1657 851 1709 regni
896 1656 1164 1708 descrimine,
1205 1656 1260 1697 ad
1294 1670 1368 1698 eos
1403 1657 1455 1698 de
1491 1670 1589 1698 con-

105 1727 252 1770 cordia
285 1727 624 1778 conscriberem;
659 1741 743 1769 non
768 1728 867 1780 quia
899 1742 966 1769 me
1001 1728 1287 1769 existimarem
1312 1742 1363 1769 ea
1386 1728 1590 1769 facundia

105 1800 334 1849 excultum,
369 1805 414 1840 ut
446 1800 508 1840 eis
528 1799 572 1841 id
594 1813 767 1854 possem
801 1800 1077 1854 persvadere,
1099 1799 1213 1852 quod
1235 1800 1460 1841 imminens
1482 1800 1590 1853 peri-

107 1871 247 1912 culum
281 1876 322 1912 et
354 1872 588 1913 communis
620 1873 771 1913 salutis
796 1871 981 1913 studium
1005 1871 1266 1926 persvadere
1289 1884 1373 1911 non
1396 1877 1591 1924 possunt,

107 1941 185 1982 sed
232 1948 277 1983 ut
325 1955 398 1984 eos
443 1942 789 1984 benevolentiam
838 1949 880 1984 et
927 1948 1070 1984 votum
1119 1956 1257 1983 meum
1311 1942 1591 1983 testatissime

106 2013 402 2066 relinquerem.
439 2013 542 2055 Jure
576 2020 717 2055 autem
750 2020 792 2055 te
826 2014 969 2064 unum,
1004 2013 1194 2055 Antistes
1228 2013 1504 2067 amplissime,
1540 2027 1593 2054 ex

103 2084 303 2126 ⁴omnibus
328 2085 453 2139 elegi,
488 2085 555 2127 cui
578 2086 980 2127 commentationem
1010 2085 1122 2125 hane
1146 2084 1345 2126 dicarem.
1379 2084 1457 2125 Vel
1480 2083 1594 2137 quod

107 2169 174 2197 me
209 2156 415 2209 singulari
448 2162 489 2198 et
521 2157 847 2211 incomparabili
879 2157 1079 2198 comitate
1114 2170 1165 2197 ac
1198 2155 1464 2209 benignitate
1497 2169 1592 2209 pro-

107 2227 311 2277 meruisti,
346 2228 414 2269 vel
447 2227 560 2280 quod
592 2241 701 2269 unus
736 2228 916 2268 maxime
951 2227 1135 2269 omnium
1169 2227 1397 2280 optimates
1419 2227 1462 2267 in
1495 2239 1594 2267 con-

108 2298 294 2340 cordiam
329 2312 545 2349 revocare,
580 2305 622 2340 et
645 2305 790 2352 partes
824 2298 1086 2340 dissidentes
1109 2298 1336 2340 conciliare
1360 2297 1593 2348 adnitaris3

108 2371 178 2412 vel
211 2370 324 2422 quod
357 2370 515 2411 absens
548 2370 647 2411 olim
679 2370 721 2411 in
753 2370 879 2411 Italia
901 2370 1169 2411 autoritatem
1193 2376 1234 2410 et
1257 2368 1593 2422 magnitudinem

108 2447 225 2483 tuam
246 2441 478 2493 audieram,
514 2454 610 2482 mox
632 2442 675 2482 in
702 2441 926 2482 Pannonia
949 2439 995 2494 (l)
1019 2441 1197 2482 veniens
1231 2440 1284 2481 de
1306 2439 1592 2480 illustrissimo

109 2519 152 2554 et
183 2512 541 2554 reverendissimo
586 2513 779 2566 principe
812 2526 920 2563 meo,
968 2518 1009 2553 et
1043 2511 1278 2552 clarissimo
1312 2510 1401 2551 viro
1444 2510 1593 2551 Hiero-

108 2597 235 2637 nymo
267 2583 402 2624 Balbo
435 2583 644 2625 familiare
678 2591 763 2635 tuo,
799 2583 1187 2638 exploratissimum
1221 2595 1349 2636 super
1382 2581 1595 2635 sapientia

110 2660 153 2695 et
185 2655 379 2695 acumine
424 2655 585 2709 ingenii
617 2656 677 2696 tui
715 2655 1003 2696 testimonium
1050 2667 1312 2708 acceperam.
1367 2653 1459 2706 Ego
1493 2665 1593 2693 vero

109 2738 253 2766 coram
287 2732 447 2778 quanta
480 2732 596 2767 esset
628 2726 798 2767 bonitas
832 2732 873 2767 et
908 2726 1150 2766 humanitas
1195 2730 1269 2765 tua
1300 2723 1516 2778 perspexi,
1550 2729 1594 2763 ut

110 2801 156 2836 tu
198 2797 326 2849 longe
370 2797 480 2838 inter
526 2810 674 2839 omnes
722 2797 844 2838 istius
892 2797 1015 2849 regni
1059 2796 1287 2849 optimates
1333 2793 1593 2846 eloquentia,

109 2867 350 2920 prudentia,
385 2869 651 2921 caeterisque
686 2869 858 2909 summis
889 2868 1063 2909 humani
1085 2867 1214 2908 animi
1236 2866 1360 2907 bonis
1382 2865 1594 2906 excellere

109 2938 308 2980 videaris.
354 2939 457 2981 Cum
489 2940 532 2980 in
564 2946 605 2980 te
638 2940 782 2993 itaque
816 2939 1002 2980 omnium
1046 2938 1167 2979 faces
1201 2938 1397 2979 virtutum
1440 2937 1596 2990 promi-

182 3032 208 3059 J.
230 3032 326 3059 Αεειῑ
348 3032 508 3059 ANALECTA
528 3040 615 3058 NOVA.
1435 3018 1455 3051 7
