1898 3278
241 328 311 369 Ad
357 326 539 369 libellum
572 331 619 368 nt
650 326 698 368 in
730 326 1012 369 Pmmomam
1057 327 1327 381 omm'yenam
1371 342 1413 370 se
1445 326 1637 380 conferat
1669 329 1730 370 ad

240 397 525 453 Maym'ftcum
569 403 605 439 et
634 412 886 452 ‚qenerosum
920 398 1139 441 (lominum
1177 398 1413 440 Gabrielem
1459 398 1727 441 Perenaewm

241 469 596 512 cubiculariorum
612 469 840 524 Reqalium
860 469 1122 525 Maytstrum
1144 475 1179 511 et
1203 469 1404 512 Comitem
1430 469 1731 524 Uyochensem,

428 540 647 583 dominum
680 545 716 582 et
742 545 979 594 patronum
1010 555 1136 582 suum
1166 540 1540 595 yrcctz'osz‘ssz'mam.

524 672 541 713 Ι
574 670 723 718 dulcis,
758 685 921 726 precor,
956 672 970 713 i
1002 672 1104 713 mihi
1136 673 1280 714 libelle

523 743 632 784 Caro
667 743 815 795 carior,
848 744 861 783 i
893 756 1044 797 precor
1076 744 1262 796 metallo,

526 815 644 855 Garis
679 815 814 855 carior
847 821 889 855 et
922 814 1025 855 mihi
1057 815 1228 868 lapillis.

524 886 659 927 Cursu
692 886 966 927 Pannonicas
1000 885 1071 926 adi
1104 887 1244 927 citato.

523 958 679 998 Terras
715 957 979 1010 omnigenas,
1014 957 1108 1010 pias
1142 957 1294 998 beatas
1321 992 1327 998 .
1354 991 1360 997 .
1386 991 1394 999 .

525 1029 660 1069 Tutus
693 1027 924 1083 praesidio,
960 1041 1100 1079 manu,
1132 1028 1280 1069 favore

522 1100 703 1141 Illustris
737 1099 896 1140 domini
929 1106 971 1140 et
1002 1100 1061 1153 pii
1093 1100 1262 1153 patroni

524 1171 694 1222 Nostri,
728 1171 1002 1213 Pannonicae
1035 1172 1171 1212 tulere
1205 1178 1358 1225 gentes

528 1243 619 1293 Quo
652 1256 737 1284 non
770 1243 955 1284 nobilius
988 1242 1311 1296 modestiusque

524 1314 764 1367 Quidquam
798 1314 1023 1356 candidius
1056 1315 1383 1367 benigniusque.

522 1387 541 1427 Ι
573 1400 699 1439 nunc,
732 1387 759 1438 i,
794 1386 979 1440 agedum
1012 1386 1124 1427 illius
1159 1386 1366 1428 decentes

523 1458 698 1509 Lautos,
732 1457 1028 1512 splendidulos
1061 1465 1186 1512 petas
1219 1464 1415 1511 penates.

525 1528 642 1578 Quos
674 1530 816 1570 multis
850 1529 962 1581 colit,
997 1535 1119 1571 ornat
1153 1535 1193 1570 et
1226 1536 1427 1570 venustat

522 1601 639 1649 Pilis,
671 1601 870 1652 turribus,
905 1601 1102 1651 arcubus,
1137 1600 1330 1652 theatris,

523 1672 718 1725 Picturis,
754 1672 1088 1726 epigrammatis,
1123 1672 1317 1713 colossis.

525 1744 658 1793 Quem
694 1757 807 1785 nunc
838 1744 1006 1785 vitifero
1038 1743 1138 1796 iugo
1163 1743 1452 1784 ambulantem

524 1815 751 1868 Nunquam
785 1815 926 1866 erede,
959 1815 1126 1857 videbis
1160 1814 1361 1861 ociosum,

525 1886 611 1928 Sed
643 1887 772 1929 rebus
804 1887 932 1929 variis
965 1886 1255 1940 negociosuin.

525 1959 654 2000 Cuius
689 1972 815 2011 quom
849 1972 973 2000 sacra
1006 1957 1174 2000 veneris
1209 1958 1287 1998 sub
1321 1970 1395 1998 ora

522 2030 587 2070 Illi
619 2030 869 2084 multijugas
904 2030 1028 2071 simul
1061 2029 1224 2070 salutes

524 2101 657 2143 Dicas
691 2109 819 2154 atque
853 2102 978 2142 simul
1011 2101 1258 2142 beatitates.

526 2172 590 2214 Sit
623 2172 791 2213 demum
825 2186 985 2213 memor
1018 2179 1063 2212 ut
1097 2171 1161 2212 sui
1195 2171 1363 2212 clientis

525 2243 622 2295 Ora,
657 2244 943 2297 mancipiique
977 2243 1229 2295 servulique.

525 2314 607 2364 Qui
640 2328 686 2356 se
720 2322 928 2369 perpetuo
963 2315 1044 2356 sibi
1076 2314 1248 2363 dicavit,

527 2386 582 2427 Ut
614 2400 714 2427 vero
749 2400 825 2427 suo
859 2387 977 2437 hero,
1016 2386 1141 2427 unico
1175 2393 1217 2426 01
1249 2391 1445 2438 patrono.

522 2457 626 2498 Post
659 2457 769 2499 haec
800 2464 842 2498 te
876 2458 988 2499 facie
1022 2457 1251 2498 sereniore.

523 2528 576 2569 Et
609 2529 753 2582 palma
785 2529 970 2582 excipiet
1002 2528 1231 2582 paratiore,

523 2599 626 2641 Visu
659 2600 855 2653 perleget
887 2606 1015 2653 atque
1050 2600 1271 2650 alacrIOre,

524 2671 578 2711 Et
611 2672 786 2712 tandem
818 2684 966 2713 roseas
1000 2671 1076 2712 tibi
1109 2671 1290 2712 corollas

523 2742 576 2782 Et
609 2742 781 2783 crebras
815 2742 934 2783 dabit
967 2742 1272 2783 osculationes.

523 2813 738 2854 Α1101101010
772 2814 814 2855 id
846 2814 949 2854 facit
983 2812 1106 2866 (scio)
1139 2813 1351 2863 lubenter,

522 2885 574 2924 Et
607 2885 720 2925 laete
755 2883 879 2939 (scio)
912 2884 1270 2937 gaudialiterque.

1878 3129 1898 3278 murae:
1883 3073 1894 3103 -·
1891 3022 1898 3031 .
1886 2977 1890 2992 ·-
