1898 3278
263 146 308 180 74

262 288 517 343 possideret,
552 287 630 329 sed
662 288 732 329 vix
760 288 871 328 intra
894 287 1048 329 hostile
1072 287 1324 342 pomoerium
1350 301 1396 329 se
1421 288 1512 328 sine
1537 289 1746 341 sanguine

263 365 464 410 tueretur,
498 365 661 400 tantum
694 358 844 400 fecerit
877 359 1165 400 accessionis:
1200 366 1244 399 ut
1269 372 1294 399 a
1318 358 1526 400 Sarmatis
1553 358 1608 399 ad
1631 370 1747 399 mare

263 443 397 483 usque
421 429 697 481 Adriaticum,
723 436 765 471 et
785 443 811 470 a
833 429 992 483 Mysiis,
1017 436 1145 483 atque
1164 429 1472 471 Macedonibus
1496 429 1551 470 ad
1569 428 1747 470 Noricos

262 515 400 554 usque
433 514 485 542 ac
531 500 769 542 Germanos
803 501 882 542 sub
916 501 1075 542 ditione
1114 509 1187 542 tua
1219 501 1438 554 imperium
1485 500 1746 554 propagarit.

262 572 481 613 Erubesce
516 572 730 625 equidem,
764 585 817 613 ne
849 572 949 625 quid
971 573 1136 626 patriae
1160 572 1302 625 gentis
1326 572 1487 625 gloriae
1511 571 1746 621 detraham,

262 657 315 684 ea
347 643 507 695 dicere,
541 657 651 696 quae
672 643 833 684 veritas
867 643 973 684 meis
997 657 1020 684 e
1043 644 1242 685 faucibus
1266 643 1425 693 exerit3
1460 642 1574 684 haud
1598 655 1747 696 parum

260 716 434 763 veritus,
468 715 628 756 crimen
660 714 906 768 impietatis,
945 715 1305 756 assentationisve
1339 714 1607 755 calumniam.
1659 712 1746 754 Sed

261 787 433 827 numine
466 785 659 827 veritatis
681 785 876 835 adactus,
901 798 1041 837 neque
1061 785 1299 835 Matthiam,
1324 785 1564 835 Dominum,
1589 784 1747 825 Deum-

261 870 342 910 que
376 870 540 907 meum;
574 870 715 909 neque
748 856 1036 897 benemeritos
1069 856 1268 909 Ungaros
1301 870 1404 897 vera
1425 856 1553 897 laude
1578 855 1746 896 defrau-

261 928 383 969 dabo.
422 927 730 968 Existimabam
764 927 1004 981 nuperrime
1039 940 1090 967 ex
1123 927 1248 968 Italia
1279 928 1321 968 in
1354 927 1621 968 Pannoniam
1652 939 1746 980 pro-

258 999 412 1047 fectus,
457 999 589 1040 veluti
632 999 675 1038 in
720 1011 889 1051 quoque
935 998 1210 1039 scientiarum
1256 1012 1430 1052 genere,
1477 998 1745 1050 caeterisque

260 1070 434 1122 artibus,
467 1071 528 1111 ita
561 1076 626 1111 est
658 1070 699 1110 in
732 1083 777 1111 re
811 1070 994 1121 militari,
1027 1083 1276 1123 morumque
1298 1070 1567 1123 praestantia
1585 1069 1627 1109 in
1649 1082 1746 1110 cae-

259 1142 361 1182 teris
384 1141 423 1182 ei
445 1141 690 1182 nationibus
714 1154 811 1182 esse
831 1141 1090 1183 cedendum:
1116 1140 1192 1182 sed
1212 1141 1283 1182 ubi
1301 1147 1375 1181 tua
1392 1146 1536 1182 castra
1554 1141 1745 1190 lustravi,

259 1212 522 1264 aliquamdiu
554 1212 665 1253 inter
697 1213 904 1253 stationes
938 1218 980 1253 et
1014 1212 1293 1253 contubernia
1325 1218 1535 1257 versatus,
1570 1225 1622 1252 ea
1651 1224 1745 1265 pro-

257 1283 372 1325 fecto
417 1283 475 1325 ibi
521 1289 717 1338 spectare
763 1290 804 1325 et
838 1283 1039 1324 admirari
1085 1284 1275 1337 contigit,
1321 1297 1430 1336 quae
1469 1296 1536 1324 me
1568 1282 1745 1323 invitum

259 1355 517 1395 sententiam
549 1361 713 1395 mutare
748 1355 973 1408 cogebant.
1010 1355 1182 1396 Utinam
1214 1362 1301 1395 tam
1334 1354 1513 1401 validos,
1549 1359 1591 1395 et
1612 1355 1746 1394 muni-

258 1431 325 1466 tos
358 1426 587 1478 equitatus,
620 1431 708 1466 tam
739 1425 912 1479 probos,
945 1425 1141 1478 fidosque
1163 1426 1339 1476 animos,
1374 1430 1538 1467 tantam
1561 1423 1743 1477 (tantan-

258 1503 344 1537 tam
369 1494 414 1550 (l)
446 1497 507 1537 rei
530 1497 722 1537 militaris
755 1497 965 1550 peritiam,
988 1511 1040 1538 ea
1064 1511 1286 1551 corporum
1309 1498 1477 1539 robora.
1512 1510 1607 1538 eam
1628 1496 1745 1538 deni-

259 1581 339 1620 que
372 1567 679 1619 fortitudinem,
705 1567 1010 1609 continentiam
1035 1568 1316 1620 (continentia
1341 1567 1400 1622 (1),
1432 1576 1473 1609 et
1495 1568 1743 1621 religionem

258 1639 373 1692 apud
406 1639 537 1680 Italos
570 1639 652 1681 hac
674 1646 947 1694 tempestate,
982 1653 1109 1692 quam
1129 1640 1171 1680 in
1194 1640 1349 1681 vestris
1373 1640 1524 1682 castris
1548 1639 1743 1690 vidimus,

257 1710 449 1751 invenire
480 1711 651 1752 liceret!
687 1711 734 1752 In
767 1717 910 1752 vestro
942 1724 1131 1764 ‘namque
1165 1711 1368 1762 exercitu,
1404 1711 1516 1764 quod
1544 1724 1628 1752 non
1651 1712 1743 1751 sine

256 1781 420 1835 pudore
439 1782 521 1823 dici
539 1788 696 1835 potest,
715 1783 871 1823 multos
897 1782 1058 1832 Curios,
1081 1782 1296 1833 Camillos,
1321 1781 1553 1832 Fabricios,
1572 1781 1743 1831 Fabios,

259 1852 482 1907 Scipiones
517 1859 558 1894 et
586 1853 789 1895 Aemilios
824 1867 998 1894 cernere
1034 1854 1123 1894 erit.
1174 1853 1278 1902 Quis
1310 1854 1490 1894 Paulum
1524 1852 1743 1894 Genisium

257 1921 317 1976 (Ξ
333 1922 513 1975 Kinizsi)
526 1923 677 1965 ducem
693 1924 838 1965 hercle
853 1923 1163 1965 fortissimum?
1181 1924 1286 1973 Quis
1302 1924 1569 1978 Stephanum
1579 1923 1745 1964 Bathor

257 1992 420 2048 (Batyr)
436 1994 784 2036 sanctissimum?
808 1996 901 2048 (liris
922 1995 1188 2050 Stephanum
1209 1995 1535 2048 Scepetsiensem
1551 2002 1558 2040 (
1572 1993 1745 2048 Sepus.)

256 2072 376 2107 tanta
394 2066 654 2117 fortitudine,
671 2080 721 2107 ac
738 2067 1072 2120 regiacharitate
1084 2066 1314 2119 preditum.
1334 2074 1377 2107 ut
1400 2068 1443 2107 in
1464 2067 1744 2107 Alamannico

255 2137 369 2178 bello
414 2137 523 2178 inter
575 2139 916 2180 consertissimos
966 2137 1338 2191 (confertissimos)
1384 2138 1531 2179 hostes
1577 2145 1742 2191 captus,

256 2208 410 2259 caesis,
446 2209 514 2261 qui
542 2209 674 2249 latere
693 2207 862 2262 (latera)
892 2209 1156 2257 clauderent,
1190 2222 1235 2249 se
1259 2209 1500 2249 incolumen
1533 2208 1744 2262 receperit

256 2279 311 2320 ad
344 2292 458 2321 suos.
494 2279 598 2328 Quis
625 2280 797 2320 Petrum
821 2288 862 2321 et
895 2280 1117 2321 Matthiam
1148 2279 1354 2328 Gerebos,
1386 2280 1621 2321 accerimos
1644 2279 1743 2320 belli

256 2350 400 2395 duces,
444 2351 548 2391 miro
592 2352 743 2392 robore
777 2349 1210 2405 praestantissimos?
1257 2350 1337 2400 Qui
1371 2364 1464 2392 cum
1499 2351 1743 2392 consobrini

256 2420 496 2474 Majestatis
530 2429 701 2463 vestrae
735 2423 831 2469 sint,
866 2423 1045 2463 alterum
1078 2435 1171 2462 vero
1196 2421 1334 2474 (uere)
1358 2423 1568 2475 clypeum,
1594 2434 1742 2462 ensem

256 2492 434 2532 alterum
466 2505 695 2546 possumus
729 2494 963 2547 appellare.
1000 2493 1104 2542 Quis
1138 2493 1412 2534 Franciscum
1446 2493 1645 2543 Aristum,
1679 2492 1740 2532 in-

256 2562 441 2603 domitae
474 2563 735 2605 fortitudinis
769 2563 990 2617 equitem?
1027 2571 1308 2617 caeterosque
1341 2565 1600 2614 innumeros,
1635 2576 1741 2616 quos

255 2646 483 2675 recensere
517 2635 590 2676 otii
622 2636 733 2676 foret
764 2637 893 2689 longe
926 2636 1115 2688 majoris,
1161 2649 1321 2689 negare
1355 2636 1480 2685 ausit,
1514 2634 1567 2675 de
1600 2635 1743 2688 prisca

256 2705 539 2746 Romanorum
585 2707 721 2760 gloria
766 2721 849 2748 non
894 2707 1018 2748 modo
1052 2714 1189 2760 gesta,
1238 2707 1315 2748 sed
1349 2707 1538 2748 vultuum
1573 2719 1740 2758 quoque

254 2775 414 2817 referre
448 2777 757 2830 Majestatem‘?
791 2778 825 2819 O
857 2777 1236 2830 faecundissimam
1267 2779 1520 2820 bellatorum
1553 2784 1740 2829 gentem,

255 2846 326 2886 ubi
345 2848 492 2888 multos
508 2849 673 2898 (multo)
688 2849 842 2890 intueri
859 2850 960 2890 licet
978 2849 1146 2890 militari
1164 2850 1342 2903 imperio
1359 2848 1531 2901 dignos!
1557 2848 1591 2890 O
1610 2848 1739 2889 effae-

255 2922 341 2957 tam
375 2918 715 2972 exhaustamque
742 2920 921 2967 Italiam,
957 2926 1017 2961 tot
1045 2919 1350 2973 Imperatorum
1380 2920 1477 2960 olim
1500 2918 1737 2960 officinam!
