1955 3278
317 118 386 153 300

340 346 384 379 90

339 705 383 737 95

319 1061 386 1095 100

320 1418 386 1452 105

320 1777 387 1811 110

322 2136 387 2169 115

324 2492 391 2526 120

493 266 688 317 Paulum,
710 271 752 307 et
773 266 969 307 idumeos
990 265 1266 307 meditantem
1293 273 1406 309 sorte
1429 267 1665 323 triumphos

494 337 757 387 Marcellum,
780 337 1054 390 Marcumque
1079 338 1225 389 (111003,
1252 351 1477 391 acremque
1503 339 1744 381 Camillum:

495 407 736 459 Corvinum,
772 408 825 450 de
858 422 940 462 quo
973 410 1115 463 proles
1150 410 1333 451 Uorvina
1364 411 1579 451 remansit.

493 479 607 521 Vivit
639 480 781 521 adhuc
815 480 977 531 similis,
1011 481 1272 534 paribusque
1295 481 1467 523 virescit
1489 482 1532 522 in
1553 483 1677 523 annis

493 551 742 599 Vuladislae
775 557 929 605 potens
963 552 1246 605 equidemque
1280 552 1416 606 gloria
1448 553 1557 606 Regi

454 624 459 629 ’
495 621 706 664 Convenit
729 636 960 676 exponam:
995 636 1108 664 nunc
1129 637 1211 676 quo
1237 624 1314 665 sub
1339 624 1529 678 principe
1550 624 1688 665 visum

495 693 667 735 Grande
700 694 823 736 iubar
854 708 1024 737 movere
1059 695 1141 745 (1017
1177 696 1447 749 Tarpeiaque
1482 708 1587 736 saxa

493 765 751 819 Increpuere
784 765 929 807 Iovem
964 771 1233 820 spectantem
1266 767 1428 820 templa
1463 766 1629 807 Sororis

494 837 548 878 Et
581 838 696 887 belli,
731 838 937 891 pacisque
970 838 1098 888 fores7
1131 839 1397 891 iuvenesque
1430 838 1653 879 Laconas:

496 908 723 950 Concussit
748 909 971 961 vivumque
995 909 1128 949 larem
1150 909 1449 962 Phrygiosque
1473 909 1668 963 penatis:

496 979 613 1029 Quos
648 993 771 1021 sacer
803 980 947 1021 Eneas
982 980 1132 1020 mediis
1167 993 1219 1021 ex
1251 980 1422 1033 ignibus
1455 980 1623 1021 hausit:

497 1051 778 1104 Signavitque
813 1038 961 1092 domos
995 1058 1036 1092 et
1070 1058 1221 1093 sancta
1254 1052 1415 1105 palatia
1447 1065 1584 1105 nuper

495 1122 637 1164 Arsit:
673 1129 715 1164 et
748 1123 942 1164 extimuit
974 1122 1156 1164 fiammis
1190 1123 1459 1176 gravioribus
1494 1123 1667 1164 urbem:

495 1194 584 1234 Ima
617 1200 771 1248 petens
806 1201 966 1235 certam
999 1194 1164 1236 sedavit
1198 1194 1359 1236 sulfure
1392 1194 1539 1235 turrim

496 1265 730 1317 Pontificis,
764 1265 923 1306 feriunt
955 1266 1089 1306 aedes
1123 1266 1158 1306 si
1190 1265 1370 1307 fulmina
1403 1279 1549 1307 sacras

499 1336 610 1386 Quid
633 1336 806 1379 dicam‘?
842 1350 1073 1389 secumque
1095 1338 1269 1378 trahant
1293 1337 1526 1391 sit—fulgura
1546 1338 1693 1378 moles.

497 1408 631 1449 Roma
654 1416 756 1463 puto
779 1409 871 1449 Rex
892 1422 1076 1461 magnus
1100 1410 1203 1450 erit:
1240 1409 1310 1462 qui
1330 1415 1472 1450 mente
1502 1409 1695 1463 superbit

499 1480 704 1534 Syderei:
739 1481 854 1522 vivat
885 1480 986 1522 inde
1021 1494 1097 1522 suo
1131 1481 1280 1534 procul
1314 1494 1417 1522 ense
1451 1481 1613 1521 vereri:

495 1552 548 1592 Et
580 1558 625 1592 tu
658 1558 772 1593 terra
804 1558 974 1606 potens,
1009 1565 1148 1593 rerum
1181 1552 1372 1605 fulvique
1407 1552 1568 1593 metalli

500 1624 692 1672 Romane
726 1623 884 1665 dilecta
917 1623 1042 1669 cheli,
1078 1623 1144 1664 0111
1179 1637 1348 1677 semper
1380 1624 1509 1664 Arion

497 1695 666 1736 Inflexit
699 1697 913 1737 calamos:
948 1695 1085 1749 potuit
1119 1696 1189 1748 qui
1221 1695 1423 1745 Promea,
1456 1694 1620 1748 phocas

500 1766 622 1808 Stare
645 1767 756 1820 lyra:
778 1767 975 1808 volucres
998 1780 1304 1819 nemorumque
1328 1779 1499 1808 movere
1524 1778 1683 1807 canora

497 1838 610 1879 Audi
643 1839 769 1892 signa
800 1839 874 1891 tui7
910 1852 1056 1891 (11103οἿ
1092 1839 1319 1892 prenuntia
1352 1838 1497 1891 Regis.

504 1910 656 1951 Castor
689 1910 907 1951 Amicleus
941 1911 1111 1964 gemino
1146 1911 1319 1951 mirator
1352 1910 1406 1951 ab
1440 1916 1556 1950 astro

499 1982 771 2036 Principibus
795 1984 891 2037 plus
915 1996 1045 2037 posse
1071 1982 1243 2023 ducem:
1266 1982 1471 2034 vultuque
1492 1980 1727 2021 minantem

498 2053 686 2095 Hectora
707 2054 908 2095 terribili:
942 2054 1206 2106 Martemque
1241 2054 1459 2094 lacessere
1484 2051 1539 2092 ad
1564 2064 1694 2092 arma.

500 2124 669 2166 Oebalii
701 2125 880 2166 iuvenes
915 2125 1063 2178 genuit
1097 2137 1202 2177 quos
1237 2123 1447 2164 candidus
1481 2123 1572 2163 ales

499 2196 634 2237 Matre
667 2196 784 2237 Rea:
818 2202 970 2250 pactas
1005 2195 1099 2236 ausi
1132 2208 1403 2248 corrumpere
1438 2194 1588 2235 tedas:

502 2268 623 2309 Unus
655 2268 810 2321 lyncea
842 2267 1102 2308 transiectus
1137 2265 1268 2308 corda
1301 2266 1478 2319 bipenni

500 2338 664 2379 Pressit
687 2339 880 2379 humum:
916 2338 1108 2390 sequitur
1128 2338 1352 2391 perculsus
1378 2337 1553 2389 Lyncea
1575 2336 1728 2376 Pollux

502 2410 635 2460 Ultor,
671 2416 767 2463 post
798 2409 911 2458 Idas,
947 2409 1024 2450 sed
1057 2409 1249 2462 Iuppiter
1280 2408 1380 2462 igne
1415 2408 1601 2449 vetabat.

503 2481 658 2523 Officio
691 2481 865 2522 tandem
898 2481 1035 2534 patrio
1069 2480 1283 2521 meruistis
1318 2478 1544 2533 Olympum

506 2553 739 2606 Sparthani
771 2552 940 2602 fratres,
976 2551 1095 2605 operi
1129 2551 1228 2591 (late
1262 2550 1409 2592 limina
1441 2555 1561 2591 tanto

502 2624 635 2664 Mixta
667 2624 793 2674 notis,
828 2636 982 2676 magno
1018 2622 1181 2675 crepuit
1213 2622 1297 2662 iam
1319 2621 1520 2663 machina
1542 2620 1669 2673 pulsu

504 2695 774 2747 Demisitque
808 2694 928 2735 faces
961 2693 1111 2734 rutilas
1144 2706 1255 2733 nunc
1288 2693 1443 2745 igneus
1477 2691 1627 2732 aether

504 2765 700 2807 Pondere
734 2765 957 2817 multifido,
992 2765 1119 2806 tellus
1153 2771 1195 2805 et
1229 2764 1377 2805 subter
1410 2762 1586 2804 anhelat

506 2838 701 2879 Cernite:
737 2837 905 2878 disiecit
939 2836 1123 2877 subitum
1156 2849 1233 2889 per
1266 2835 1413 2876 nubila
1444 2834 1606 2874 fulmen

506 2908 768 2949 Contremuit
800 2907 1022 2960 fractoque
1055 2908 1153 2960 polo
1187 2907 1314 2948 micat
1348 2919 1504 2947 aureus
1537 2905 1630 2946 axis
