1898 3278
261 150 281 182 6

261 292 479 335 commode
514 292 615 333 foris
648 292 819 345 legatis,
853 291 974 333 vobis
1006 305 1162 332 morem
1190 304 1341 345 gerere
1363 293 1586 346 cupientes
1618 290 1672 332 M.
1693 290 1742 331 T.

260 364 464 418 epistolas
506 363 756 404 familiai-eis
802 362 953 404 damus
998 375 1094 403 mox
1140 368 1181 403 et
1228 375 1338 415 quae
1372 361 1427 403 ad
1460 362 1660 413 Atticum,
1702 367 1745 402 et

261 435 465 488 deinceps
487 434 663 487 reliqua,
697 440 786 475 tum
811 434 987 474 aliorum
1017 433 1158 474 omnia
1181 433 1312 485 digna
1333 434 1459 475 lectu.
1495 432 1745 475 Curabimus

261 506 369 546 enim
403 512 448 546 ut
480 506 549 547 vel
594 505 815 560 portatiles
848 504 1134 546 bibliothecas
1167 511 1209 545 et
1231 504 1362 545 latine
1395 510 1438 545 et
1470 516 1626 558 graece
1660 509 1745 544 stu-

260 577 391 617 diosis
423 577 529 619 Jesu
561 577 735 618 favente
770 575 1106 630 suppeditemns
1142 575 1234 616 Hac
1266 588 1367 617 vero
1400 575 1634 616 familiares
1659 574 1745 628 epi-

261 649 397 689 stolae
421 648 640 689 corectiss.
677 662 699 689 e
723 647 900 688 thermis
924 647 1081 687 nostris
1105 647 1284 697 exirent,
1319 659 1581 701 magnopere
1603 646 1746 687 elabo-

259 720 457 770 ravimus,
505 719 618 772 quod
650 720 802 772 legens
837 718 979 759 statim
1011 723 1055 758 111
1088 718 1181 771 ipse
1223 730 1473 771 cognosces,
1520 716 1629 759 Hlud
1662 730 1745 758 non

260 790 621 845 praetereundum
654 789 802 844 putavi
835 789 976 830 onmia
1020 789 1073 829 M.
1109 789 1158 830 T.
1193 802 1325 843 opera
1365 787 1559 830 conferre
1598 788 1746 829 mirum

259 863 300 903 in
334 861 517 912 modum7
552 861 587 902 si
617 861 816 914 legantur
849 859 1037 910 assidue,
1072 859 1149 900 sed
1173 859 1379 913 epistolas
1413 859 1605 900 maxime.
1639 858 1746 899 Nam

261 939 303 975 et
336 934 555 987 copiosum
579 939 621 973 et
645 933 889 985 elegantem
923 936 965 972 et
994 930 1106 984 quod
1139 931 1250 972 facio
1284 931 1465 985 plurimi,
1498 930 1746 985 perfacilem

260 1006 301 1046 in
337 1005 563 1046 scribendo
598 1003 835 1045 studiosum
869 1003 934 1044 sui
968 1002 1171 1044 efficiunt.
1214 1002 1309 1052 Qua
1342 1016 1386 1043 re
1416 1015 1549 1056 saepe
1582 1014 1747 1043 mecum

260 1077 402 1118 mirari
447 1077 566 1117 soleo
601 1075 653 1116 de
698 1074 908 1116 industria
953 1074 1163 1127 quosdam
1197 1075 1239 1115 in
1274 1073 1456 1116 dicendo
1490 1073 1632 1124 duros,
1679 1073 1749 1126 qui

261 1161 387 1201 quam
422 1156 537 1189 recte
572 1147 774 1193 sentiunt,
821 1145 1040 1186 Ciceronis
1076 1145 1235 1199 scripta
1275 1144 1518 1186 ostendunt.
1569 1143 1658 1186 Sed
1688 1144 1748 1185 in-

261 1220 382 1272 quies
416 1225 514 1259 sunt
547 1217 700 1271 quibus
734 1230 817 1258 non
840 1217 984 1271 placet
1018 1216 1180 1258 Cicero.
1215 1217 1269 1257 At
1290 1216 1450 1257 Fabius
1483 1216 1558 1257 Ille
1582 1229 1628 1257 se
1653 1228 1749 1270 pro-

260 1290 419 1332 fecisse
466 1291 588 1342 501111,
634 1289 702 1330 0111
748 1288 896 1330 Cicero
942 1287 1070 1330 valde
1116 1288 1316 1341 placebit.
1369 1287 1455 1329 Sed
1493 1286 1656 1337 γλαῦκα
1692 1284 1749 1331 εἰς

260 1360 452 1416 Ἀθήνας
497 1362 567 1415 qui
601 1361 655 1402 ad
688 1367 729 1402 te
762 1360 885 1401 haec.
934 1359 1040 1400 Vale
1086 1373 1180 1401 cum
1226 1365 1370 1401 nostro
1411 1358 1748 1411 Quinqueeccle-

263 1434 393 1476 siensi
426 1446 580 1486 meque
615 1438 771 1474 amate.

367 1608 643 1645 Laurentius
670 1607 943 1643 Ambruster
969 1605 1251 1643 Gibiniensis
1278 1606 1337 1643 ad.
1363 1605 1641 1642 Lectorem.¹

403 1708 567 1749 Alberti
600 1707 792 1760 quisquis
826 1707 1005 1748 sectaris
1039 1706 1245 1760 (logmata
1278 1705 1424 1759 magni

475 1779 519 1820 si
552 1779 627 1820 tibi
661 1779 739 1819 sub
773 1791 905 1832 parvo
939 1778 1106 1819 discere
1139 1791 1297 1830 magna
1329 1777 1485 1830 placet.

402 1851 490 1892 Hoc
515 1858 556 1891 te
581 1857 846 1903 congestum„
873 1850 1008 1891 lector
1037 1848 1243 1900 studiose,
1273 1848 1473 1890 volumen

475 1922 651 1972 Edocet,
676 1922 804 1974 inque
828 1921 947 1963 brevi
965 1927 1156 1974 tempore
1175 1920 1351 1961 multum
1369 1916 1412 1973 (1)
1430 1916 1480 1973 (z
1492 1916 1532 1973 a)
1553 1919 1678 1960 scies.

309 2108 533 2156 Georgius
561 2108 812 2144 Anselmus
839 2107 1006 2154 Nepos
1047 2107 1123 2143 Ad
1150 2106 1359 2153 Tydeum
1391 2104 1673 2152 Ugolettum.
1692 2106 1704 2126 2

463 2220 515 2261 Ni
548 2219 672 2261 nobis
706 2219 840 2260 oculis
873 2218 989 2259 fores
1024 2218 1213 2270 utrisque

467 2291 613 2344 Longe
649 2291 798 2341 carior,
835 2289 999 2331 erudite
1034 2289 1200 2343 Tydeu,

384 2467 392 2486 ¹
425 2466 587 2504 ..Alberti
607 2467 729 2510 magni
755 2466 989 2510 philosophie
1008 2465 1190 2500 Naturalis
1210 2464 1368 2509 Isagoge
1386 2477 1391 2498 z
1420 2464 1497 2498 sive
1516 2461 1752 2498 introductio-

262 2538 351 2562 nes:
392 2527 582 2561 emendate
610 2537 720 2570 snper
746 2529 782 2561 et
808 2527 985 2569 impresse
1014 2535 1153 2559 summa
1192 2524 1392 2568 diligentia.
1432 2523 1472 2557 In
1498 2523 1612 2557 libros
1638 2521 1753 2555 Phisi-

264 2598 387 2620 cornm
426 2587 470 2620 de
510 2586 590 2620 celo
618 2589 653 2619 et
680 2586 826 2626 mundo,
867 2586 911 2619 de
939 2584 1187 2629 generatione,
1236 2583 1513 2622 Metheororum,
1552 2581 1606 2615 De
1634 2580 1753 2614 anima

264 2646 485 2680 Aristotelis.
530 2645 619 2679 Cum
653 2644 960 2679 1111110111111100111151
1000 2643 1294 2688 n1a1·ginalibns.“
1340 2640 1469 2686 vegen
1510 2640 1753 2684 „Impressum

263 2705 402 2739 Vienne
429 2705 639 2739 Pannonio:
667 2715 732 2748 per
758 2704 938 2738 Joannem
967 2703 1208 2747 Singreninm.
1236 2701 1416 2746 Expensis
1434 2710 1521 2735 vero
1547 2699 1753 2734 Leonhardi

264 2764 428 2801 Alantse,
457 2764 554 2798 Civis
575 2763 804 2797 Viennensis.
833 2762 955 2796 Idibus
974 2762 1249 2796 Decembribus.
1276 2757 1395 2795 Anno.
1415 2757 1603 2794 MCCGCC
1618 2757 1749 2792 XIIII.‘·

382 2821 394 2840 2
422 2822 571 2867 Georgii
596 2822 751 2856 Anselni
788 2821 941 2865 Nepotis
980 2821 1278 2865 Epigrammaton
1304 2819 1386 2854 libri
1412 2821 1564 2862 septem.
1610 2817 1751 2861 Ve'yens

264 2880 479 2915 Franciscns
519 2882 697 2926 Ugoletus
737 2884 773 2915 et
805 2881 987 2914 Antonius
1016 2879 1143 2914 Viotus
1172 2879 1269 2914 Socii
1313 2878 1570 2922 imprimebant
1601 2877 1752 2911 Parmae

265 2950 388 2974 mense
417 2940 623 2984 Septembri
649 2939 843 2974 MDXXVI.
871 2940 948 2973 Lib.
976 2939 1001 2973 Ι.
1030 2949 1071 2973 az
1100 2950 1175 2973 ann
1198 2939 1275 2983 jelii
1301 2935 1396 2972 level
1422 2936 1596 2981 rectojan.
