1898 3278
142 379 186 412 20

139 1090 184 1124 30

138 1446 181 1479 35

136 1802 181 1836 40

136 2515 180 2549 50

1499 156 1568 190 111

231 298 340 339 Nam
363 298 463 351 quid
486 311 567 352 ego
589 298 658 339 hic
679 298 862 339 referam
897 298 1057 340 divisos
1081 299 1182 340 orbe
1206 299 1434 341 Britannos

260 368 435 410 Aeterni
467 369 670 423 populum
704 369 952 410 destituisse
986 369 1067 410 dei.

232 440 452 481 Finitimos
487 444 601 481 certe
635 446 774 480 tecum
808 445 1018 481 tractasse
1053 440 1235 481 decebat

291 510 583 552 Theutonicos
618 517 788 564 sumpta
823 510 1006 562 casside,
1046 511 1133 552 tela
1166 525 1294 552 manu

230 582 398 634 Proque
431 580 515 622 fide
551 587 592 622 et
624 581 764 635 patria
795 581 923 622 vitam
958 595 1033 635 pro
1066 582 1195 623 laude
1228 583 1389 636 pacisci

288 653 417 693 Esset
449 659 494 693 ut
527 653 723 706 exemplo
756 652 983 706 postmodo
1017 653 1196 705 quisque
1230 654 1338 707 pius.

232 724 300 765 Hii
333 730 507 765 cessant
540 737 700 773 omnes,
733 724 811 765 soli
844 724 933 775 tibi,
967 723 1151 765 maxime
1185 724 1350 777 Regum

289 795 405 836 Dant
438 794 591 836 Veneti
623 795 868 836 innumeros
901 807 1009 848 gens
1032 795 1280 836 veneranda
1301 802 1431 836 rates.

228 867 319 908 Nec
351 866 500 907 mirum
533 879 614 907 nec
647 866 757 907 enim
791 872 954 907 tantum
986 865 1221 907 iustissima
1252 879 1397 919 regem

288 937 373 978 Res
406 937 573 979 Veneta
603 937 645 978 in
680 937 820 978 dubiis
854 937 1103 978 destituisse
1136 943 1292 991 potest,

230 1008 359 1049 Cuius
393 1022 505 1050 nunc
538 1014 687 1049 sancto
720 1009 902 1062 pelagus
937 1008 1124 1055 dictante
1159 1015 1311 1049 senatu

288 1080 468 1121 Yonium
501 1093 618 1121 remo
652 1079 859 1121 scinditur
892 1080 1081 1121 Ausonio

229 1151 558 1203 Calcidicusque
591 1157 710 1192 tenet
742 1157 832 1191 tuto
866 1164 944 1191 sua
976 1152 1117 1192 menia
1151 1164 1329 1205 sompno

287 1222 454 1275 Quique
489 1235 565 1276 per
595 1223 769 1275 Aegeas
801 1222 942 1263 incola
975 1223 1103 1264 currit
1139 1236 1287 1275 aquas.

227 1293 385 1334 Hostes
418 1306 572 1347 nempe
607 1306 725 1334 suam
761 1293 960 1347 Neptuno
993 1293 1196 1334 inducere
1231 1294 1413 1335 classem

285 1364 703 1405 Extimeant.Ma1·ci
737 1364 834 1405 dum
869 1378 984 1406 mare
1019 1365 1145 1418 signa
1176 1370 1295 1406 tenet

227 1436 337 1477 Hinc
369 1435 495 1476 modo
529 1433 581 1488 (si
604 1435 768 1476 cunctis
791 1436 890 1476 lacii
909 1436 993 1476 iam
1017 1449 1169 1490 sparsa
1201 1449 1278 1490 per
1300 1435 1427 1477 urbes

286 1507 380 1548 Non
415 1513 479 1548 est
512 1506 709 1548 mendaci
741 1507 857 1547 fama
888 1508 1032 1548 locuta
1065 1505 1186 1561 sono)

225 1578 443 1619 Adversas
475 1578 715 1632 perhibent.
753 1578 945 1619 Vulcano
980 1579 1234 1620 occumbere
1268 1585 1422 1633 gentes

284 1650 423 1702 Atque
457 1650 611 1691 hausto
646 1650 781 1703 mergi
813 1663 993 1704 corpora
1024 1650 1158 1691 multa
1191 1651 1300 1701 salo;

226 1721 335 1762 Hinc
356 1721 474 1762 furor
494 1721 594 1763 hinc
616 1722 759 1763 rabies
780 1721 995 1762 Thurcum
1018 1722 1128 1762 male
1154 1735 1260 1763 sana
1279 1723 1457 1765 lacessit

287 1792 410 1841 Quod
442 1793 658 1846 premitur.
692 1792 826 1833 Terra
858 1793 1008 1846 pulsus
1042 1799 1084 1833 et
1114 1792 1208 1847 ipse
1241 1795 1359 1836 mari.

224 1864 483 1905 Praesertim
498 1864 719 1905 horrisono
737 1863 1096 1917 quodtupremis1
1111 1864 1223 1918 petis
1239 1878 1342 1906 ense
1357 1874 1565 1910 nocentes

286 1936 425 1987 Atque
459 1935 553 1989 agis
586 1934 799 1989 intrepida
830 1935 995 1988 praelia
1029 1935 1135 1976 dura
1166 1949 1293 1977 manu

225 2007 363 2059 Atque
398 2006 499 2048 data
533 2013 598 2048 est
630 2007 764 2048 moles
798 2007 865 2048 cui
897 2007 1003 2047 tanti
1037 2013 1079 2047 et
1111 2007 1281 2049 sarcina
1301 2008 1403 2049 belli

286 2077 414 2119 Cuius
449 2084 490 2118 et
523 2078 725 2132 auspiciis
760 2078 922 2119 credita
955 2091 1120 2119 summa
1151 2078 1226 2119 rei.

228 2148 349 2198 Quod
383 2150 464 2191 scit
496 2149 768 2202 magnanimo
801 2162 885 2190 non
920 2149 1186 2202 degenerare
1219 2151 1389 2203 parenti

285 2219 366 2269 Qui
398 2220 547 2261 merito
581 2221 741 2262 excelsi
774 2234 886 2261 nunc
918 2220 1034 2262 videt
1066 2234 1140 2262 ora
1174 2220 1255 2262 dei.

224 2291 333 2332 Nam
367 2298 518 2344 quater
550 2305 601 2333 ac
635 2291 780 2333 decies
814 2291 923 2332 fudit
957 2292 1189 2332 certamine
1224 2292 1418 2334 Thurcos

282 2362 468 2404 Nescius
500 2362 683 2404 infestos
717 2363 894 2416 ociaque
927 2363 1044 2403 nulla
1076 2363 1177 2416 pati.

223 2434 383 2487 Bisque
416 2434 511 2475 tulit
544 2440 707 2488 septem
742 2440 889 2488 partos
924 2434 1077 2475 virtute
1109 2434 1345 2488 triumphos

285 2504 401 2554 Quos
434 2518 664 2558 numquam
697 2512 842 2547 taceat
874 2505 1026 2546 sedula
1058 2505 1301 2559 posteritas,

224 2576 425 2617 Intonsus
459 2577 629 2629 qualem
662 2577 804 2631 proles
840 2576 1025 2617 Semelei
1057 2576 1186 2618 Liber

282 2647 414 2688 Duxit
447 2648 500 2689 de
533 2648 704 2702 populis
738 2648 879 2689 Yndia
910 2654 1036 2690 vasta
1067 2648 1150 2688 tuis

223 2718 314 2759 Hec
348 2724 491 2760 tamen
525 2732 549 2759 a
582 2718 705 2760 viridi
738 2719 943 2760 lustratus
977 2724 1171 2773 tempora
1201 2719 1321 2760 lauro

286 2789 501 2840 Intumuit,
535 2790 658 2831 victis
692 2790 769 2831 sed
802 2791 938 2831 minor
968 2790 1039 2831 ille
1071 2789 1162 2831 fuit.

195 2942 204 2961 ¹
231 2941 457 2986 folo'sleges3
486 2952 506 2976 a
533 2942 659 2986 glossa
686 2942 804 2976 keriilt
831 2952 850 2976 a
876 2942 1073 2987 szovegbe.
