1955 3278
372 139 396 172 [0

400 139 443 172 ἷέ

370 577 418 610 45

369 932 418 966 50

371 1290 418 1322 55

370 1646 421 1680 {50

370 2002 420 2035 165

494 283 621 323 Nulla
655 284 774 336 quies
809 298 965 325 curvae
1000 292 1065 325 est
1099 298 1177 325 nec
1211 284 1339 325 sedes
1372 284 1491 325 firma
1525 291 1742 336 senectae,

554 354 741 403 Quilibet
773 356 922 409 ignota
956 355 1032 397 sed
1065 357 1240 408 regione
1275 363 1429 395 manet.

498 425 683 466 Sedibus
716 426 890 467 incertis
923 426 1093 480 profugi
1126 427 1357 479 tristesque
1391 432 1613 479 vagantur,

552 497 738 538 Assidue
773 503 933 538 mestos
966 497 1112 538 taedia
1145 511 1302 551 magna
1335 505 1526 550 gravant.

495 567 599 608 Dira
631 567 769 609 fames
804 569 965 609 cruciat
998 569 1164 610 laceros
1198 576 1239 610 et
1272 569 1408 622 frigus
1441 582 1636 622 0113011111,

554 638 875 692 Continuusque
910 639 1041 688 dolor,
1075 640 1247 693 publica
1281 640 1451 682 (13111113.
1485 653 1629 681 neces,

493 709 571 749 Vix
605 710 820 763 possuntl
852 711 957 751 lassi
990 718 1181 751 ventrem
1216 712 1370 753 saciari
1403 725 1614 757 voracem,

552 780 642 822 Nec
675 789 876 835 reparant
910 782 1022 823 vires
1055 782 1261 835 languida
1294 783 1485 824 membra
1518 796 1629 824 suas.

493 852 574 901 Qui
607 852 790 905 dapibus
825 853 1039 905 quondam
1072 866 1244 893 mensas
1279 853 1485 894 onerabat
1518 854 1730 907 inemptis,

552 924 642 964 Iam
675 924 790 977 cupit
824 924 1003 976 exiguos
1038 937 1202 977 pauper
1234 924 1395 965 habere
1430 924 1560 966 011103.

495 993 685 1043 Quilibet
719 1003 784 1035 est
818 995 950 1035 tristis
984 994 1125 1035 charis
1159 995 1333 1035 orbatus
1368 996 1530 1046 amicis,

553 1065 741 1114 Quilibet
775 1066 949 1107 assidue
985 1072 1177 1119 tempora
1210 1065 1315 1106 dura
1348 1066 1491 1118 gemit,

492 1137 628 1178 Nocte
663 1137 818 1189 dieque
851 1137 954 1191 vigil
987 1137 1147 1190 gemitu
1181 1143 1374 1178 versatur
1407 1137 1579 1188 anhelo,

554 1207 707 1249 Sibilat
741 1215 782 1249 et
816 1208 956 1249 tacitis
990 1208 1127 1249 tristia
1160 1208 1293 1249 verba
1327 1208 1470 1250 labris.

492 1279 646 1320 Estuat
679 1280 722 1320 in
756 1281 918 1333 campis
952 1279 1136 1333 pedibus
1169 1279 1451 1332 manibusque
1486 1280 1709 1331 ministrat,

554 1351 607 1392 Ut
640 1351 835 1391 rabidam
869 1351 982 1393 sicco
1017 1351 1150 1405 pellat
1184 1351 1237 1391 ab
1273 1364 1345 1391 ore
1378 1351 1550 1393 famam.

494 1422 676 1462 Fercula
709 1423 780 1475 qui
810 1422 1025 1475 quondam
1059 1422 1202 1463 multis
1236 1422 1451 1463 tribuebat
1484 1422 1648 1475 egenis,

553 1494 641 1534 13111
676 1493 892 1535 mendicat
926 1507 1061 1546 aquas
1096 1500 1219 1535 nocte
1254 1493 1408 1546 dieque
1443 1494 1593 1548 dapes,

494 1565 651 1606 Lectus
685 1565 811 1606 adest
842 1565 997 1616 nullus,
1032 1565 1160 1606 lassis
1194 1578 1278 1605 11011
1312 1565 1399 1605 11113
1432 1566 1639 1619 supellex,

554 1636 737 1690 Hospita
770 1636 847 1677 sed
881 1636 1029 1677 durum
1064 1644 1257 1690 praestat
1290 1650 1423 1677 arena
1454 1643 1602 1677 torum.

496 1706 697 1761 Turpiter
728 1707 934 1748 incedunt
967 1708 1111 1748 130010
1145 1708 1358 1748 velamine
1392 1708 1508 1755 teeti,

554 1777 748 1819 Afflictos
782 1792 952 1832 semper
985 1778 1182 1831 squalida
1214 1779 1349 1820 barba
1382 1779 1497 1832 tegit.

494 1849 584 1890 Nec
617 1857 798 1903 possunt
832 1850 1013 1891 dormire
1046 1850 1160 1890 fame
1194 1850 1291 1891 dum
1326 1850 1516 1904 postulat
1549 1850 1653 1891 hora

555 1920 693 1969 Quum
726 1929 888 1974 ponunt
921 1921 1036 1962 nudo
1069 1921 1227 1974 frigida
1260 1921 1449 1962 membra
1483 1921 1587 1963 3010.

496 1992 638 2046 Saepe
670 1993 792 2034 luunt
824 1993 1054 2046 lachrymis
1087 1999 1212 2033 natos
1245 1992 1439 2045 fidosque
1474 1992 1660 2044 sodales,

554 2064 777 2105 Extinctos
810 2064 979 2115 fratres7
1014 2064 1169 2117 pocula
1201 2063 1374 2114 blanda,v
1409 2064 1572 2115 domos,

495 2134 607 2176 Ossa
640 2142 957 2189 peremptorum
990 2135 1147 2188 gladiis
1181 2135 1373 2189 collapsa
1406 2143 1644 2189 parentum,

556 2207 637 2247 Tot
671 2208 840 2249 laceros
874 2214 992 2248 artus
1026 2206 1256 2259 diriguisse
1289 2220 1410 2251 nece.

496 2276 530 2319 O
565 2278 740 2330 quocies
773 2285 1010 2319 memorant
1044 2277 1238 2319 convivia
1273 2277 1390 2317 lauta
1424 2284 1662 2331 parentum,

556 2348 589 2389 O
626 2349 801 2401 quocies
835 2348 1013 2389 laudant
1046 2356 1241 2402 tempora
1273 2348 1415 2402 prisca
1448 2361 1621 2389 merum.

494 2420 590 2461 Non
624 2434 731 2474 opus
766 2427 831 2462 est
865 2420 1010 2473 digitis
1045 2420 1249 2460 citharam
1284 2420 1451 2460 lassare
1484 2419 1698 2469 reduncis,

556 2492 719 2533 Edocet
752 2492 861 2533 haec
894 2492 1023 2533 variis
1058 2491 1232 2545 publica
1265 2491 1380 2531 fama
1413 2491 1532 2532 10013.

495 2562 603 2603 Nam
638 2564 673 2604 si
707 2570 861 2605 cuncta
894 2563 1020 2605 velim
1054 2562 1214 2603 blando
1238 2562 1528 2616 perstringere
1552 2563 1728 2615 plectro,

556 2635 633 2674 Vix
668 2635 789 2676 daret
822 2640 994 2688 optatas
1026 2634 1169 2675 labilis
1204 2633 1309 2673 hora
1342 2645 1494 2673 moras.

497 2705 688 2759 Figimus
722 2719 825 2759 ergo
858 2719 1014 2758 vagam
1048 2705 1161 2745 sicco
1196 2704 1273 2745 sub
1307 2704 1448 2744 littore
1482 2704 1669 2757 puppim.

555 2778 717 2817 Anxius
751 2790 802 2818 en
836 2776 1032 2830 prohibet
1067 2776 1187 2830 plura
1218 2776 1378 2816 referre
1413 2774 1544 2816 dolor.

499 2928 508 2947 ¹
535 2932 690 2972 passunt
716 2928 758 2962 A.
