1898 3278
233 119 276 151 &8

370 311 410 350 p.
444 294 513 339 89.
565 295 734 338 Caelius
773 295 861 337 Cal.
894 295 1064 337 tsommi
1098 295 1323 348 Baptistae
1356 294 1510 338 Pisoni
1543 295 1586 338 S.

353 437 360 444 .
391 438 397 444 .
429 437 436 444 .
470 403 605 452 Quom
640 417 721 457 ego
755 403 848 458 ipse
883 417 1023 445 coram
1058 417 1141 444 non
1186 416 1357 457 possem
1391 417 1480 444 rem
1513 403 1726 445 conficere

234 474 349 528 apud
382 475 427 515 R.
450 474 500 515 D.
534 474 899 528 Istrigoniensem,
935 474 1035 515 dedi
1067 475 1214 515 literas
1249 474 1302 515 ad
1332 474 1575 528 praesidem
1604 475 1726 528 Agri-

235 559 397 597 ensem,
433 546 505 598 qui
528 558 622 586 cum
657 545 709 587 de
744 552 786 586 te
809 559 859 587 ac
882 545 1108 587 virtutibus
1140 546 1223 586 tuis
1258 545 1431 599 saepius
1454 545 1588 587 verba
1606 544 1722 587 fece-

232 630 334 667 ram,
381 622 427 658 ut
470 616 669 670 quoniam
714 617 817 657 mihi
863 630 939 670 per
983 616 1270 657 valetudinem
1317 616 1466 657 Budae
1507 629 1605 657 esse
1638 630 1723 658 non

232 688 404 739 licebat,
450 688 544 742 ipse
591 687 706 741 apud
752 687 936 728 eundem
980 687 1333 740 Istrigoniensem
1378 687 1597 741 negotium
1642 687 1725 729 hoc

234 759 556 800 accuratissime
590 764 847 812 procuraret.
882 758 978 798 Misi
1011 758 1139 798 etiam
1172 758 1357 811 priorum
1390 759 1608 800 literarum
1630 766 1725 800 tua-

231 844 323 871 rum
347 830 605 884 exemplum,
623 830 776 882 quibus
795 829 1041 870 tarditatem
1062 842 1199 870 meam
1216 842 1398 871 accusas
1420 830 1462 870 in
1481 829 1723 878 scribendo,

232 907 277 942 ut
310 914 363 942 ex
394 901 446 942 iis
468 901 631 954 ingenii
653 901 712 941 tui
736 914 819 941 non
846 906 975 941 antea
998 900 1079 941 nisi
1111 914 1204 941 meo
1225 901 1468 942 testimonio
1492 901 1724 955 perspecti,

235 972 494 1026 elegantiam
529 972 795 1025 colligerent,
829 985 882 1013 ne
916 985 983 1012 me
1007 972 1103 1025 plus
1137 971 1269 1011 amori
1303 985 1429 1024 quam
1461 972 1618 1013 iudicio
1654 972 1723 1013 tri-

231 1043 378 1084 buisse
430 1042 736 1084 existimarent.
797 1043 838 1083 Is
885 1056 931 1083 se
977 1042 1205 1096 diligenter
1256 1041 1397 1084 officio
1451 1042 1722 1096 perfunctum

235 1114 505 1168 significavit,
541 1114 619 1156 sed
653 1114 783 1155 biduo
818 1121 1048 1166 antequam
1073 1127 1193 1155 meae
1216 1114 1366 1155 literae
1390 1114 1549 1155 allatae
1569 1114 1724 1166 forent,

232 1199 409 1240 puerum
457 1185 533 1227 tibi
581 1186 934 1227 contubernalem
983 1185 1255 1238 designatum
1304 1199 1397 1226 cum
1446 1186 1592 1227 nescio
1641 1198 1725 1238 quo

234 1258 429 1311 Ragione
474 1257 714 1311 Bontempo
759 1258 941 1298 Etrusco
987 1257 1138 1297 summi
1183 1257 1397 1298 Antistitis
1442 1256 1640 1298 familiari
1680 1258 1726 1299 in

232 1328 397 1369 Italiam
432 1328 703 1380 discessisse,
736 1342 883 1369 verum
906 1341 991 1369 non
1015 1335 1115 1369 ante
1148 1327 1331 1368 reditum
1364 1341 1505 1369 meum
1537 1328 1724 1369 futurum

232 1399 275 1440 in
303 1399 552 1453 cuiusquam
587 1399 866 1440 contubernio
888 1399 1137 1450 Ferrariae3
1172 1406 1213 1440 et
1246 1412 1335 1440 rem
1358 1406 1491 1440 totam
1513 1399 1724 1453 integram

234 1471 490 1512 servandam
524 1484 621 1512 esse
654 1471 697 1511 in
729 1483 869 1512 meum
904 1470 1150 1521 adventum,
1192 1477 1236 1511 ut
1270 1484 1322 1511 ex
1355 1470 1532 1512 consilio
1567 1470 1725 1513 deinde

232 1555 328 1584 meo
356 1548 539 1595 geratur.
572 1542 627 1582 At
650 1555 762 1582 nunc
782 1541 880 1582 ideo
905 1541 1152 1591 festinasse,
1175 1547 1262 1582 tum
1284 1541 1397 1594 quod
1420 1541 1525 1583 certi
1558 1541 1724 1582 comit-is

233 1613 468 1655 affulsisset
513 1613 697 1665 occasio,
744 1620 831 1654 tum
877 1627 930 1654 ne
978 1613 1136 1654 diutius
1182 1613 1404 1654 tardantes
1443 1613 1487 1653 in
1519 1612 1725 1654 hibernas

231 1690 514 1738 tempestates
546 1684 798 1726 inciderent.
835 1684 957 1733 Quae
990 1697 1059 1725 res
1092 1684 1286 1738 profecto
1319 1690 1492 1738 praet-er
1522 1690 1725 1738 expecta-

231 1756 389 1797 tionem
414 1762 456 1797 et
483 1768 578 1797 cum
612 1769 777 1796 summa
810 1756 939 1796 animi
971 1756 1055 1796 mei
1087 1755 1286 1796 molestia
1319 1755 1509 1809 contigit,
1544 1755 1615 1808 qui
1647 1755 1725 1796 tibi

234 1827 377 1868 omnia
414 1826 527 1868 bene
574 1827 713 1881 cupio,
761 1832 802 1867 et
848 1840 1118 1881 summopere
1164 1826 1366 1881 optabam
1413 1827 1723 1881 quamprimum

232 1897 307 1939 tibi
340 1898 454 1939 hunc
478 1904 705 1950 quaestum
728 1904 769 1939 et
792 1904 879 1939 tam
903 1899 1186 1940 excellentem
1220 1898 1448 1939 amicitiam
1480 1899 1724 1941 conciliare.

231 1969 326 2010 Non
359 1968 490 2010 deero
534 1975 679 2010 tamen
713 1969 812 2010 huic
845 1969 1026 2021 negocio
1060 1968 1129 2010 vel
1162 1968 1335 2019 absens,
1383 1982 1509 2021 quom
1543 1970 1723 2023 primum

230 2040 358 2081 fuerit
383 2040 486 2081 mihi
511 2040 636 2093 copia
664 2040 911 2092 alloquendi
935 2040 1150 2081 dominum
1173 2039 1540 2093 Istrigoniensem,
1567 2040 1722 2081 enitar-

231 2124 314 2163 que
346 2124 422 2165 pro
455 2110 577 2162 virili,
612 2117 658 2152 ut
691 2112 832 2152 statim
866 2125 973 2165 puer
1005 2111 1060 2152 ad
1094 2118 1135 2152 te
1169 2111 1368 2151 mittatur.
1404 2110 1528 2160 Quod
1561 2111 1597 2152 si
1620 2125 1723 2166 spes

231 2182 456 2223 absentem
500 2181 718 2233 fefellerit,
767 2189 881 2223 certe
927 2183 1008 2224 nisi
1056 2196 1122 2223 me
1169 2182 1338 2223 omnino
1383 2181 1492 2223 fides
1538 2182 1723 2224 barbara

229 2253 468 2303 frustretur,
518 2266 694 2307 operam
739 2253 851 2295 dabo
898 2267 951 2295 ne
997 2253 1247 2295 redeuntem
1292 2253 1529 2295 fallat...
1576 2253 1722 2295 Idibus

232 2323 476 2365 Sextilibus.
512 2324 563 2364 M.
580 2324 628 2364 D.
647 2324 800 2365 XVIII.
835 2325 977 2378 Agria.

586 2477 640 2529 (A
672 2478 845 2519 levelek
879 2478 1057 2519 hetedik
1088 2478 1365 2531 k'onyvebol.)

375 2586 415 2626 p.
451 2570 518 2614 92.
572 2572 741 2613 Caelius
780 2572 869 2614 Cal.
905 2572 1071 2614 Jocmm'
1102 2572 1325 2625 Baptistae
1356 2571 1512 2614 Pisoni
1543 2572 1586 2614 S.

346 2710 355 2719 .
387 2712 428 2720 ..
463 2678 599 2728 Quom
642 2680 834 2733 proxime
880 2680 933 2721 de
978 2687 1136 2733 nepote
1182 2680 1434 2734 amplissimi
1481 2680 1721 2722 Cardinalis

229 2749 550 2802 Istrigoniensis
569 2763 707 2791 sermo
727 2750 971 2800 haberetur,
991 2764 1115 2803 quem
1135 2758 1312 2804 patruus
1331 2750 1385 2791 ad
1405 2751 1721 2804 capessendum

231 2820 359 2861 animi
392 2821 550 2862 cultum
584 2821 823 2862 Ferrariam
857 2822 1022 2862 mittere
1057 2821 1260 2864 decrevit,
1296 2835 1376 2875 ego
1403 2829 1445 2863 te
1475 2835 1604 2863 unum
1626 2835 1722 2876 pro·

228 2891 351 2943 posui
396 2892 494 2933 huic
538 2892 785 2945 provinciae
832 2892 1294 2943 accomodatissimum,
1340 2900 1522 2946 tuasque
1567 2893 1723 2935 laudes
